
  <record>
    <datafield tag="000" ind1=" " ind2=" ">
      <subfield code="a">00101</subfield>
      <subfield code="b">1991110220160517</subfield>
      <subfield code="c">NUBK::RUSANA1</subfield>
      <subfield code="d">NBS::BOSAG</subfield>
      <subfield code="e" />
      <subfield code="f">20120201</subfield>
      <subfield code="g">0000867713</subfield>
      <subfield code="h">NBS::SVETLANAP</subfield>
      <subfield code="i">20120201</subfield>
      <subfield code="o">20160517</subfield>
      <subfield code="p">NBS::BOSAG</subfield>
      <subfield code="x">1448221</subfield>
    </datafield>
    <datafield tag="001" ind1=" " ind2=" ">
      <subfield code="a">n</subfield>
      <subfield code="b">a</subfield>
      <subfield code="c">m</subfield>
      <subfield code="d">0</subfield>
      <subfield code="7">vv</subfield>
    </datafield>
    <datafield tag="010" ind1=" " ind2=" ">
      <subfield code="b">Пл.</subfield>
    </datafield>
    <datafield tag="100" ind1=" " ind2=" ">
      <subfield code="c">1969</subfield>
      <subfield code="h">srp</subfield>
      <subfield code="i">b1</subfield>
      <subfield code="l">cb</subfield>
    </datafield>
    <datafield tag="101" ind1="0" ind2=" ">
      <subfield code="a">srp</subfield>
    </datafield>
    <datafield tag="102" ind1=" " ind2=" ">
      <subfield code="a">srb</subfield>
      <subfield code="b">cs</subfield>
    </datafield>
    <datafield tag="105" ind1=" " ind2=" ">
      <subfield code="a">a</subfield>
    </datafield>
    <datafield tag="200" ind1="0" ind2=" ">
      <subfield code="a">Даница</subfield>
      <subfield code="e">1826., 1827., 1828., 1829., 1834</subfield>
      <subfield code="f">Вук Стефановић Караџић</subfield>
      <subfield code="g">приредио Милорад Павић</subfield>
    </datafield>
    <datafield tag="210" ind1=" " ind2=" ">
      <subfield code="a">Београд</subfield>
      <subfield code="c">Просвета</subfield>
      <subfield code="d">1969</subfield>
      <subfield code="e">Београд</subfield>
      <subfield code="g">БИГЗ</subfield>
    </datafield>
    <datafield tag="215" ind1=" " ind2=" ">
      <subfield code="a">920 стр., 1 лист с таблом</subfield>
      <subfield code="d">22 цм</subfield>
      <subfield code="c">илустр.</subfield>
    </datafield>
    <datafield tag="225" ind1="2" ind2=" ">
      <subfield code="a">Сабрана дела Вука Караџића</subfield>
      <subfield code="v">књ. 8</subfield>
    </datafield>
    <datafield tag="300" ind1=" " ind2=" ">
      <subfield code="a">Текст и на стсл. језику</subfield>
    </datafield>
    <datafield tag="300" ind1="1" ind2=" ">
      <subfield code="a">Белешка о овом издању: стр.843-846</subfield>
    </datafield>
    <datafield tag="320" ind1=" " ind2=" ">
      <subfield code="a">Регистри.</subfield>
    </datafield>
    <datafield tag="675" ind1=" " ind2=" ">
      <subfield code="c">82</subfield>
    </datafield>
    <datafield tag="700" ind1=" " ind2="1">
      <subfield code="a">Караџић</subfield>
      <subfield code="b">Вук Стефановић</subfield>
      <subfield code="4">070</subfield>
    </datafield>
    <datafield tag="702" ind1="0" ind2="1">
      <subfield code="a">Павић</subfield>
      <subfield code="b">Милорад</subfield>
      <subfield code="4">340</subfield>
    </datafield>
	<datafield tag="856">
		<subfield code="u">http://www.digitalna.nb.rs/wb/NBS/Tematske_kolekcije/procvat_pismenosti/sabrana_dela_vuka_karadzica/II_146423_08</subfield>
	</datafield>
    <datafield tag="992" ind1=" " ind2=" ">
      <subfield code="b">1202лкх025,рс13x189,sc16x17,sc16x39,</subfield>
    </datafield>
    <datafield tag="996" ind1=" " ind2="7">
      <subfield code="d">lМАГ\f2\n146423\s8</subfield>
      <subfield code="f">196902795</subfield>
      <subfield code="p">4</subfield>
      <subfield code="6">31680</subfield>
    </datafield>
    <datafield tag="996" ind1=" " ind2="7">
      <subfield code="q">5</subfield>
      <subfield code="t">20130719</subfield>
      <subfield code="v">c</subfield>
      <subfield code="w">b</subfield>
      <subfield code="3">EUR 18,00</subfield>
      <subfield code="8">31ПОЛ13\420130719</subfield>
      <subfield code="6">1422716</subfield>
    </datafield>
    <datafield tag="996" ind1=" " ind2="7">
      <subfield code="q">5</subfield>
      <subfield code="t">20160301</subfield>
      <subfield code="v">c</subfield>
      <subfield code="w">c</subfield>
      <subfield code="8">32ДЕУ19\420160301</subfield>
      <subfield code="6">1654286</subfield>
    </datafield>
    <datafield tag="996" ind1=" " ind2="7">
      <subfield code="q">5</subfield>
      <subfield code="t">20160517</subfield>
      <subfield code="v">c</subfield>
      <subfield code="w">c</subfield>
      <subfield code="8">32ИТА15\420160518</subfield>
      <subfield code="6">1675683</subfield>
    </datafield>
  </record>