
  <record>
    <datafield tag="000" ind1=" " ind2=" ">
      <subfield code="a">00101</subfield>
      <subfield code="b">2002042320120921</subfield>
      <subfield code="c">BMSNS::DRAGICA</subfield>
      <subfield code="d">NBS::MARINAS</subfield>
      <subfield code="e" />
      <subfield code="f">20081128</subfield>
      <subfield code="g">0000687358</subfield>
      <subfield code="h">NBS::VELIBOR</subfield>
      <subfield code="i">20081128</subfield>
      <subfield code="p">NBS::MARINAS</subfield>
      <subfield code="o">20120921</subfield>
      <subfield code="x">177872903</subfield>
    </datafield>
    <datafield tag="001" ind1=" " ind2=" ">
      <subfield code="a">c</subfield>
      <subfield code="b">a</subfield>
      <subfield code="c">m</subfield>
      <subfield code="d">0</subfield>
      <subfield code="7">vv</subfield>
      <subfield code="t">2.25</subfield>
    </datafield>
    <datafield tag="010" ind1=" " ind2=" ">
      <subfield code="b">Пл.</subfield>
    </datafield>
    <datafield tag="100" ind1=" " ind2=" ">
      <subfield code="c">1969</subfield>
      <subfield code="h">srp</subfield>
      <subfield code="i">b1</subfield>
      <subfield code="l">cb</subfield>
      <subfield code="g">1</subfield>
    </datafield>
    <datafield tag="101" ind1="0" ind2=" ">
      <subfield code="a">srp</subfield>
    </datafield>
    <datafield tag="102" ind1=" " ind2=" ">
      <subfield code="a">srb</subfield>
      <subfield code="b">cs</subfield>
    </datafield>
    <datafield tag="105" ind1=" " ind2=" ">
      <subfield code="a">a</subfield>
    </datafield>
    <datafield tag="200" ind1="0" ind2=" ">
      <subfield code="a">Историјски списи</subfield>
      <subfield code="h">Књ. 2</subfield>
      <subfield code="f">Вук Стеф. Караџић</subfield>
      <subfield code="g">приредио Радован Самарџић</subfield>
    </datafield>
    <datafield tag="210" ind1=" " ind2=" ">
      <subfield code="a">Београд</subfield>
      <subfield code="c">Просвета</subfield>
      <subfield code="d">1969</subfield>
      <subfield code="e">Београд</subfield>
      <subfield code="g">Просвета</subfield>
    </datafield>
    <datafield tag="215" ind1=" " ind2=" ">
      <subfield code="a">670 стр., 1 лист са сликом Вука Караџића</subfield>
      <subfield code="c">илустр.</subfield>
      <subfield code="d">23 cm</subfield>
    </datafield>
    <datafield tag="225" ind1="1" ind2=" ">
      <subfield code="a">Дела Вука Караџића</subfield>
      <subfield code="v">књ. 16</subfield>
    </datafield>
    <datafield tag="300" ind1="0" ind2=" ">
      <subfield code="a">"Издање о стогодишњици смрти Бука Стефановића Караџића 1864-1964" , стр. 3</subfield>
    </datafield>
    <datafield tag="300" ind1="0" ind2=" ">
      <subfield code="a">Историјски списи Вука Стеф. Караџића: 559-581</subfield>
    </datafield>
    <datafield tag="320" ind1="0" ind2=" ">
      <subfield code="a">Регистри.</subfield>
    </datafield>
    <datafield tag="607" ind1="3" ind2=" ">
      <subfield code="a">Србија</subfield>
      <subfield code="x">Историја</subfield>
      <subfield code="z">19в</subfield>
    </datafield>
    <datafield tag="675" ind1=" " ind2=" ">
      <subfield code="a">94(497.11)"18"</subfield>
      <subfield code="b">94(497.11)</subfield>
      <subfield code="c">94(497.11)"15/..."</subfield>
    </datafield>
    <datafield tag="700" ind1=" " ind2="1">
      <subfield code="a">Караџић</subfield>
      <subfield code="b">Вук Стефановић</subfield>
      <subfield code="f">1787-1864</subfield>
      <subfield code="4">070</subfield>
    </datafield>
    <datafield tag="702" ind1="0" ind2="1">
      <subfield code="a">Самарџић</subfield>
      <subfield code="b">Радован</subfield>
      <subfield code="4">340</subfield>
    </datafield>
    <datafield tag="830" ind1=" " ind2=" ">
      <subfield code="a">јоли</subfield>
    </datafield>
    <datafield tag="830" ind1=" " ind2=" ">
      <subfield code="a">нбс</subfield>
    </datafield>
	<datafield tag="856">
		<subfield code="u">http://www.digitalna.nb.rs/wb/NBS/Tematske_kolekcije/procvat_pismenosti/sabrana_dela_vuka_karadzica/II_146423_16</subfield>
	</datafield>
    <datafield tag="992" ind1=" " ind2=" ">
      <subfield code="b">0811нд102,0903нд115,рс11x120,1206лкх055,рс12x85,</subfield>
    </datafield>
    <datafield tag="996" ind1=" " ind2="7">
      <subfield code="d">lМАГ\f2\n146423\s16</subfield>
      <subfield code="f">197002355</subfield>
      <subfield code="p">4</subfield>
      <subfield code="6">1206024</subfield>
    </datafield>
    <datafield tag="996" ind1=" " ind2="7">
      <subfield code="d">lЗЂ\n378\s2</subfield>
      <subfield code="f">600805395</subfield>
      <subfield code="o">20081128</subfield>
      <subfield code="p">4</subfield>
      <subfield code="6">1206025</subfield>
    </datafield>
    <datafield tag="996" ind1=" " ind2="8">
      <subfield code="v">c</subfield>
      <subfield code="w">b</subfield>
      <subfield code="3">RSD 00,00</subfield>
      <subfield code="3">EUR 12,00</subfield>
      <subfield code="8">31ПОЛ12\420110222</subfield>
      <subfield code="r">преусмерено2011</subfield>
      <subfield code="6">1206026</subfield>
    </datafield>
    <datafield tag="996" ind1=" " ind2="7">
      <subfield code="q">5</subfield>
      <subfield code="t">20120921</subfield>
      <subfield code="v">c</subfield>
      <subfield code="w">b</subfield>
      <subfield code="3">EUR 16,00</subfield>
      <subfield code="8">31ПОЛ13\420120920</subfield>
      <subfield code="6">1345788</subfield>
    </datafield>
  </record>