
  <record>
    <datafield tag="000" ind1=" " ind2=" ">
      <subfield code="a">0013</subfield>
      <subfield code="b">1995061220110713</subfield>
      <subfield code="c">NBS::JESIC-OLD</subfield>
      <subfield code="d">NBS::BOSAG</subfield>
      <subfield code="e" />
      <subfield code="f">0</subfield>
      <subfield code="g">0000176587</subfield>
      <subfield code="x">38604300</subfield>
    </datafield>
    <datafield tag="001" ind1=" " ind2=" ">
      <subfield code="a">c</subfield>
      <subfield code="b">a</subfield>
      <subfield code="c">m</subfield>
      <subfield code="d">0</subfield>
      <subfield code="7">vv</subfield>
    </datafield>
    <datafield tag="010" ind1=" " ind2=" ">
      <subfield code="a">86-07-00038-1</subfield>
    </datafield>
    <datafield tag="010" ind1=" " ind2=" ">
      <subfield code="a">86-07-00039-X</subfield>
    </datafield>
    <datafield tag="100" ind1=" " ind2=" ">
      <subfield code="c">1986</subfield>
      <subfield code="h">srp</subfield>
      <subfield code="i">b1</subfield>
      <subfield code="l">cb</subfield>
    </datafield>
    <datafield tag="101" ind1="0" ind2=" ">
      <subfield code="a">srp</subfield>
      <subfield code="a">xsls</subfield>
      <subfield code="a">ger</subfield>
    </datafield>
    <datafield tag="102" ind1=" " ind2=" ">
      <subfield code="a">srb</subfield>
      <subfield code="b">cs</subfield>
    </datafield>
    <datafield tag="105" ind1=" " ind2=" ">
      <subfield code="a">h</subfield>
    </datafield>
    <datafield tag="200" ind1="1" ind2=" ">
      <subfield code="a">О језику и књижевности</subfield>
      <subfield code="h">2</subfield>
      <subfield code="f">Вук Стеф. Караџић</subfield>
      <subfield code="g">приредио Милорад Павић</subfield>
    </datafield>
    <datafield tag="210" ind1=" " ind2=" ">
      <subfield code="a">Београд</subfield>
      <subfield code="c">Просвета</subfield>
      <subfield code="d">1986</subfield>
      <subfield code="e">Београд</subfield>
      <subfield code="g">БИГЗ</subfield>
    </datafield>
    <datafield tag="215" ind1=" " ind2=" ">
      <subfield code="a">660 стр., 1 лист са сликом В. С. Караџића</subfield>
      <subfield code="c">факс.</subfield>
      <subfield code="d">22 цм</subfield>
    </datafield>
    <datafield tag="225" ind1="2" ind2=" ">
      <subfield code="a">Сабрана дела Вука Стефановића Караџића</subfield>
      <subfield code="v">13</subfield>
    </datafield>
    <datafield tag="300" ind1="1" ind2=" ">
      <subfield code="a">Податак о аутору преузет са кор.</subfield>
    </datafield>
    <datafield tag="300" ind1="1" ind2=" ">
      <subfield code="a">Ћир. и лат.</subfield>
    </datafield>
    <datafield tag="300" ind1="1" ind2=" ">
      <subfield code="a">Издање о стогодишњици смрти Вука Стефановића Караџића : 1864-1964</subfield>
    </datafield>
    <datafield tag="300" ind1="1" ind2=" ">
      <subfield code="a">Стр. 645-647: Белешка о овом издању / Милорад Павић</subfield>
    </datafield>
    <datafield tag="320" ind1=" " ind2=" ">
      <subfield code="a">Регистар.</subfield>
    </datafield>
    <datafield tag="606" ind1="1" ind2=" ">
      <subfield code="a">Српска књижевност</subfield>
    </datafield>
    <datafield tag="606" ind1="1" ind2=" ">
      <subfield code="a">Српски језик</subfield>
    </datafield>
    <datafield tag="675" ind1=" " ind2=" ">
      <subfield code="a">808.61/.62</subfield>
      <subfield code="c">001</subfield>
    </datafield>
    <datafield tag="675" ind1=" " ind2=" ">
      <subfield code="a">886.1/.2(091)</subfield>
    </datafield>
    <datafield tag="700" ind1=" " ind2="1">
      <subfield code="a">Караџић</subfield>
      <subfield code="b">Вук Стефановић</subfield>
    </datafield>
    <datafield tag="702" ind1="0" ind2="1">
      <subfield code="a">Павић</subfield>
      <subfield code="b">Милорад</subfield>
      <subfield code="4">902</subfield>
      <subfield code="4">911</subfield>
    </datafield>
	<datafield tag="856">
		<subfield code="u">http://www.digitalna.nb.rs/wb/NBS/Tematske_kolekcije/procvat_pismenosti/sabrana_dela_vuka_karadzica/II_146423_13</subfield>
	</datafield>
    <datafield tag="992" ind1=" " ind2=" ">
      <subfield code="b">фрони1,рс10x23,рс11x01,рс11x161,</subfield>
    </datafield>
    <datafield tag="996" ind1="0" ind2="7">
      <subfield code="d">lМАГ\f2\n146423\s13</subfield>
      <subfield code="f">198604261</subfield>
      <subfield code="p">4</subfield>
      <subfield code="6">295860</subfield>
    </datafield>
    <datafield tag="996" ind1=" " ind2="7">
      <subfield code="v">a</subfield>
      <subfield code="w">c</subfield>
      <subfield code="3">RSD 625,00</subfield>
      <subfield code="8">32ИТА01/420040505</subfield>
      <subfield code="r">преусмерено</subfield>
      <subfield code="6">295861</subfield>
    </datafield>
    <datafield tag="996" ind1=" " ind2="8">
      <subfield code="v">c</subfield>
      <subfield code="w">b</subfield>
      <subfield code="3">RSD 00,00</subfield>
      <subfield code="3">USD 16,00</subfield>
      <subfield code="8">31УСА12\420100404</subfield>
      <subfield code="r">преусмерено2010</subfield>
      <subfield code="6">295862</subfield>
    </datafield>
    <datafield tag="996" ind1=" " ind2="8">
      <subfield code="v">c</subfield>
      <subfield code="w">b</subfield>
      <subfield code="3">RSD 00,00</subfield>
      <subfield code="3">EUR 20,00</subfield>
      <subfield code="8">31СWЕ01\420110111</subfield>
      <subfield code="r">преусмерено2011</subfield>
      <subfield code="6">295863</subfield>
    </datafield>
    <datafield tag="996" ind1=" " ind2="8">
      <subfield code="v">c</subfield>
      <subfield code="w">b</subfield>
      <subfield code="3">RSD 00,00</subfield>
      <subfield code="3">EUR 20,00</subfield>
      <subfield code="8">31РУС11\420110713</subfield>
      <subfield code="r">преусмерено2011</subfield>
      <subfield code="6">295864</subfield>
    </datafield>
  </record>