
  <record>
    <datafield tag="000" ind1=" " ind2=" ">
      <subfield code="a">0011</subfield>
      <subfield code="b">1995061220141215</subfield>
      <subfield code="c">NBS::JESIC-OLD</subfield>
      <subfield code="d">NBS::BOSAG</subfield>
      <subfield code="e" />
      <subfield code="f">0</subfield>
      <subfield code="g">0000176659</subfield>
      <subfield code="j">20030520</subfield>
      <subfield code="p">NBS::BOSAG</subfield>
      <subfield code="o">20141215</subfield>
      <subfield code="x">331783</subfield>
    </datafield>
    <datafield tag="001" ind1=" " ind2=" ">
      <subfield code="a">c</subfield>
      <subfield code="b">a</subfield>
      <subfield code="c">m</subfield>
      <subfield code="d">0</subfield>
      <subfield code="e">38622732</subfield>
      <subfield code="7">vv</subfield>
    </datafield>
    <datafield tag="010" ind1=" " ind2=" ">
      <subfield code="a">86-07-00038-1</subfield>
    </datafield>
    <datafield tag="010" ind1=" " ind2=" ">
      <subfield code="a">86-07-00087-X</subfield>
      <subfield code="b">издавачка целина</subfield>
    </datafield>
    <datafield tag="100" ind1=" " ind2=" ">
      <subfield code="c">1987</subfield>
      <subfield code="h">srp</subfield>
      <subfield code="i">b1</subfield>
      <subfield code="l">cb</subfield>
    </datafield>
    <datafield tag="101" ind1="0" ind2=" ">
      <subfield code="a">srp</subfield>
    </datafield>
    <datafield tag="102" ind1=" " ind2=" ">
      <subfield code="a">srb</subfield>
      <subfield code="b">cs</subfield>
    </datafield>
    <datafield tag="105" ind1=" " ind2=" ">
      <subfield code="a">a</subfield>
      <subfield code="b">e</subfield>
    </datafield>
    <datafield tag="200" ind1="0" ind2=" ">
      <subfield code="a">Српски рјечник</subfield>
      <subfield code="e">(1852)</subfield>
      <subfield code="h">2</subfield>
      <subfield code="e">Р-Ш</subfield>
      <subfield code="f">Вук Стефановић Караџић</subfield>
      <subfield code="g">приредио Јован Кашић</subfield>
    </datafield>
    <datafield tag="210" ind1=" " ind2=" ">
      <subfield code="a">Београд</subfield>
      <subfield code="c">Просвета</subfield>
      <subfield code="d">1987</subfield>
      <subfield code="e">Београд</subfield>
      <subfield code="g">БИГЗ</subfield>
    </datafield>
    <datafield tag="215" ind1=" " ind2=" ">
      <subfield code="a">Стр. 855-1906</subfield>
      <subfield code="c">илустр.</subfield>
      <subfield code="d">26 cm</subfield>
    </datafield>
    <datafield tag="225" ind1="2" ind2=" ">
      <subfield code="a">Сабрана дела Вука Караџића</subfield>
      <subfield code="v">књ. 11</subfield>
    </datafield>
    <datafield tag="300" ind1="1" ind2=" ">
      <subfield code="a">Тираж 3 000</subfield>
    </datafield>
    <datafield tag="300" ind1="1" ind2=" ">
      <subfield code="a">Стр. 1483-1744: О Српском рјечнику из 1852 / Јован Кашић</subfield>
    </datafield>
    <datafield tag="300" ind1="1" ind2=" ">
      <subfield code="a">Напомене и објашњења: стр. 1745-1770</subfield>
    </datafield>
    <datafield tag="320" ind1=" " ind2=" ">
      <subfield code="a">Регистри.</subfield>
    </datafield>
    <datafield tag="606" ind1="1" ind2=" ">
      <subfield code="a">Српскохрватски језик</subfield>
      <subfield code="w">Речници</subfield>
    </datafield>
    <datafield tag="675" ind1=" " ind2=" ">
      <subfield code="a">808.61/.62-3(038)</subfield>
      <subfield code="c">фик</subfield>
    </datafield>
    <datafield tag="700" ind1=" " ind2="1">
      <subfield code="a">Караџић</subfield>
      <subfield code="b">Вук Стефановић</subfield>
      <subfield code="4">070</subfield>
    </datafield>
    <datafield tag="702" ind1="0" ind2="1">
      <subfield code="a">Кашић</subfield>
      <subfield code="b">Јован</subfield>
      <subfield code="4">010</subfield>
    </datafield>
	<datafield tag="856">
		<subfield code="u">http://www.digitalna.nb.rs/wb/NBS/Tematske_kolekcije/procvat_pismenosti/sabrana_dela_vuka_karadzica/II_146423_11_II</subfield>
	</datafield>
    <datafield tag="992" ind1=" " ind2=" ">
      <subfield code="b">9506X052,9602x073,сц97x76,сц97x79,сц97x86,сц97x117,сц97x118,0305хнд050,фрони1, сц10x96,рс11x01,rs14x246,</subfield>
    </datafield>
    <datafield tag="996" ind1="0" ind2="7">
      <subfield code="d">lМАГ\f2\n146423\s11,ИИ</subfield>
      <subfield code="p">4</subfield>
      <subfield code="f">198700735</subfield>
      <subfield code="6">15414</subfield>
    </datafield>
    <datafield tag="996" ind1="2" ind2="7">
      <subfield code="v">a</subfield>
      <subfield code="w">c</subfield>
      <subfield code="8">32ЕСП01\419970724</subfield>
      <subfield code="r">преусмерено1997</subfield>
      <subfield code="6">15415</subfield>
    </datafield>
    <datafield tag="996" ind1="2" ind2="7">
      <subfield code="v">a</subfield>
      <subfield code="w">c</subfield>
      <subfield code="8">32ПОЛ04\419970724</subfield>
      <subfield code="r">преусмерено1997</subfield>
      <subfield code="6">15416</subfield>
    </datafield>
    <datafield tag="996" ind1="2" ind2="7">
      <subfield code="v">a</subfield>
      <subfield code="w">c</subfield>
      <subfield code="8">32ИТА08\419970811</subfield>
      <subfield code="r">преусмерено1997</subfield>
      <subfield code="6">15417</subfield>
    </datafield>
    <datafield tag="996" ind1="2" ind2="7">
      <subfield code="v">a</subfield>
      <subfield code="w">c</subfield>
      <subfield code="8">32КОР01\419971015</subfield>
      <subfield code="r">преусмерено1997</subfield>
      <subfield code="6">15418</subfield>
    </datafield>
    <datafield tag="996" ind1="2" ind2="7">
      <subfield code="v">a</subfield>
      <subfield code="w">c</subfield>
      <subfield code="8">32ФРА02\419971015</subfield>
      <subfield code="r">преусмерено1997</subfield>
      <subfield code="6">15419</subfield>
    </datafield>
    <datafield tag="996" ind1=" " ind2="8">
      <subfield code="v">c</subfield>
      <subfield code="w">c</subfield>
      <subfield code="8">32ФРА05\420101112</subfield>
      <subfield code="r">преусмерено2010</subfield>
      <subfield code="6">15420</subfield>
    </datafield>
    <datafield tag="996" ind1=" " ind2="8">
      <subfield code="v">c</subfield>
      <subfield code="w">b</subfield>
      <subfield code="3">RSD 00,00</subfield>
      <subfield code="3">EUR 25,00</subfield>
      <subfield code="8">31СWЕ01\420110111</subfield>
      <subfield code="r">преусмерено2011</subfield>
      <subfield code="6">15421</subfield>
    </datafield>
    <datafield tag="996" ind1=" " ind2="7">
      <subfield code="q">+</subfield>
      <subfield code="t">20141215</subfield>
      <subfield code="v">c</subfield>
      <subfield code="w">b</subfield>
      <subfield code="3">EUR 25,00</subfield>
      <subfield code="8">31РУС11\420141215</subfield>
      <subfield code="6">1549646</subfield>
    </datafield>
  </record>