
  <record>
    <datafield tag="000" ind1=" " ind2=" ">
      <subfield code="a">00101</subfield>
      <subfield code="b">1995061220110114</subfield>
      <subfield code="c">NBS::JESIC-OLD</subfield>
      <subfield code="d">NBS::MARINAS</subfield>
      <subfield code="e">only</subfield>
      <subfield code="f">0</subfield>
      <subfield code="g">0000176597</subfield>
      <subfield code="p">NBS::LJUBAB</subfield>
      <subfield code="o">20130126</subfield>
      <subfield code="x">38606860</subfield>
    </datafield>
    <datafield tag="001" ind1=" " ind2=" ">
      <subfield code="a">c</subfield>
      <subfield code="b">a</subfield>
      <subfield code="c">m</subfield>
      <subfield code="d">0</subfield>
      <subfield code="7">vv</subfield>
    </datafield>
    <datafield tag="010" ind1=" " ind2=" ">
      <subfield code="a">86-07-00262-7</subfield>
    </datafield>
    <datafield tag="010" ind1=" " ind2=" ">
      <subfield code="a">86-07-00038-1</subfield>
    </datafield>
    <datafield tag="100" ind1=" " ind2=" ">
      <subfield code="c">1987</subfield>
      <subfield code="h">srp</subfield>
      <subfield code="i">b1</subfield>
      <subfield code="l">cb</subfield>
    </datafield>
    <datafield tag="101" ind1="0" ind2=" ">
      <subfield code="a">srp</subfield>
    </datafield>
    <datafield tag="102" ind1=" " ind2=" ">
      <subfield code="a">srb</subfield>
      <subfield code="b">cs</subfield>
    </datafield>
    <datafield tag="105" ind1=" " ind2=" ">
      <subfield code="a">y</subfield>
    </datafield>
    <datafield tag="200" ind1="0" ind2=" ">
      <subfield code="a">Преписка</subfield>
      <subfield code="h">2</subfield>
      <subfield code="e">1822-1825</subfield>
      <subfield code="f">Вук Стефановић Караџић</subfield>
      <subfield code="g">приредио Голуб Добрашиновић ...</subfield>
    </datafield>
    <datafield tag="210" ind1=" " ind2=" ">
      <subfield code="a">Београд</subfield>
      <subfield code="c">Просвета</subfield>
      <subfield code="d">1987</subfield>
      <subfield code="e">Београд</subfield>
      <subfield code="g">БИГЗ</subfield>
    </datafield>
    <datafield tag="215" ind1=" " ind2=" ">
      <subfield code="a">774 стр.</subfield>
      <subfield code="d">22 цм</subfield>
    </datafield>
    <datafield tag="225" ind1="2" ind2=" ">
      <subfield code="a">Сабрана дела Вука Караџића</subfield>
      <subfield code="v">књ. 21</subfield>
    </datafield>
    <datafield tag="600" ind1="0" ind2="1">
      <subfield code="a">Караџић</subfield>
      <subfield code="b">Вук Стефановић</subfield>
      <subfield code="f">1787-1864</subfield>
      <subfield code="w">Преписка</subfield>
    </datafield>
    <datafield tag="675" ind1=" " ind2=" ">
      <subfield code="a">886.1-6</subfield>
      <subfield code="c">фик</subfield>
    </datafield>
    <datafield tag="700" ind1=" " ind2="1">
      <subfield code="a">Караџић</subfield>
      <subfield code="b">Вук Стефановић</subfield>
    </datafield>
    <datafield tag="702" ind1="0" ind2="1">
      <subfield code="a">Добрашиновић</subfield>
      <subfield code="b">Голуб</subfield>
      <subfield code="4">902</subfield>
    </datafield>
	<datafield tag="856">
		<subfield code="u">http://www.digitalna.nb.rs/wb/NBS/Tematske_kolekcije/procvat_pismenosti/sabrana_dela_vuka_karadzica/II_146423_21</subfield>
	</datafield>
    <datafield tag="992" ind1=" " ind2=" ">
      <subfield code="b">9506X052,9602x073,сц97x44,сц97x49,сц97x50,сц97x97,сц99x4,рс00x103,ИД331783, ИД1857538,ИД63267847,ИД128020999,ИД128884743,фрони1,рс10x23,рс11x01,</subfield>
    </datafield>
    <datafield tag="996" ind1="0" ind2="7">
      <subfield code="d">lМАГ\f2\n146423\s21</subfield>
      <subfield code="f">198811064</subfield>
      <subfield code="p">4</subfield>
      <subfield code="6">295886</subfield>
    </datafield>
    <datafield tag="996" ind1="2" ind2="7">
      <subfield code="v">a</subfield>
      <subfield code="w">c</subfield>
      <subfield code="8">32ПОЛ04\419970620</subfield>
      <subfield code="r">преусмерено1997</subfield>
      <subfield code="6">295887</subfield>
    </datafield>
    <datafield tag="996" ind1="2" ind2="7">
      <subfield code="v">a</subfield>
      <subfield code="w">c</subfield>
      <subfield code="8">32ЕСП01\419970620</subfield>
      <subfield code="r">преусмерено1997</subfield>
      <subfield code="6">295888</subfield>
    </datafield>
    <datafield tag="996" ind1="2" ind2="7">
      <subfield code="v">a</subfield>
      <subfield code="w">c</subfield>
      <subfield code="8">32КОР01\419970620</subfield>
      <subfield code="r">преусмерено1997</subfield>
      <subfield code="6">295889</subfield>
    </datafield>
    <datafield tag="996" ind1="2" ind2="7">
      <subfield code="v">a</subfield>
      <subfield code="w">c</subfield>
      <subfield code="8">32ДЕУ12\419971015</subfield>
      <subfield code="r">преусмерено1997</subfield>
      <subfield code="6">295890</subfield>
    </datafield>
    <datafield tag="996" ind1="2" ind2="7">
      <subfield code="v">a</subfield>
      <subfield code="w">c</subfield>
      <subfield code="8">32ФРА02\419990222</subfield>
      <subfield code="r">преусмерено1999</subfield>
      <subfield code="6">295891</subfield>
    </datafield>
    <datafield tag="996" ind1="2" ind2="7">
      <subfield code="v">c</subfield>
      <subfield code="w">b</subfield>
      <subfield code="3">RSD 600,00</subfield>
      <subfield code="3">RSD 600,00</subfield>
      <subfield code="8">31ЫУГ18\420001111</subfield>
      <subfield code="r">преусмерено2000</subfield>
      <subfield code="6">295892</subfield>
    </datafield>
    <datafield tag="996" ind1="2" ind2="7">
      <subfield code="v">c</subfield>
      <subfield code="w">c</subfield>
      <subfield code="8">32ХУН01\420030520</subfield>
      <subfield code="r">преусмерено2003</subfield>
      <subfield code="6">295893</subfield>
    </datafield>
    <datafield tag="996" ind1="2" ind2="7">
      <subfield code="v">c</subfield>
      <subfield code="w">c</subfield>
      <subfield code="8">32ИТА08\420030520</subfield>
      <subfield code="r">преусмерено2003</subfield>
      <subfield code="6">295894</subfield>
    </datafield>
    <datafield tag="996" ind1=" " ind2="7">
      <subfield code="v">a</subfield>
      <subfield code="w">c</subfield>
      <subfield code="3">RSD 400,00</subfield>
      <subfield code="8">32ИТА01/420040505</subfield>
      <subfield code="r">преусмерено</subfield>
      <subfield code="6">295895</subfield>
    </datafield>
    <datafield tag="996" ind1=" " ind2="8">
      <subfield code="v">c</subfield>
      <subfield code="w">b</subfield>
      <subfield code="3">RSD 00,00</subfield>
      <subfield code="3">USD 16,00</subfield>
      <subfield code="8">31УСА12\420100404</subfield>
      <subfield code="r">преусмерено2010</subfield>
      <subfield code="6">295896</subfield>
    </datafield>
    <datafield tag="996" ind1=" " ind2="8">
      <subfield code="v">c</subfield>
      <subfield code="w">b</subfield>
      <subfield code="3">RSD 00,00</subfield>
      <subfield code="3">EUR 20,00</subfield>
      <subfield code="8">31СWЕ01\420110111</subfield>
      <subfield code="r">преусмерено2011</subfield>
      <subfield code="6">295897</subfield>
    </datafield>
  </record>