
  <record>
    <datafield tag="000" ind1=" " ind2=" ">
      <subfield code="a">0019</subfield>
      <subfield code="b">2000050820161012</subfield>
      <subfield code="c">BMSNS::STANKO</subfield>
      <subfield code="d">NBS::BOSAG</subfield>
      <subfield code="e" />
      <subfield code="f">20111013</subfield>
      <subfield code="g">0000855566</subfield>
      <subfield code="h">NBS::BRANISLAVR</subfield>
      <subfield code="i">20111013</subfield>
      <subfield code="o">20180123</subfield>
      <subfield code="p">NBS::IVANAN</subfield>
      <subfield code="x">155735815</subfield>
    </datafield>
    <datafield tag="001" ind1=" " ind2=" ">
      <subfield code="a">c</subfield>
      <subfield code="b">a</subfield>
      <subfield code="c">m</subfield>
      <subfield code="d">0</subfield>
      <subfield code="e">55160076</subfield>
      <subfield code="7">vv</subfield>
      <subfield code="t">2.06</subfield>
    </datafield>
    <datafield tag="010" ind1=" " ind2=" ">
      <subfield code="b">Пл.</subfield>
    </datafield>
    <datafield tag="100" ind1=" " ind2=" ">
      <subfield code="b">e</subfield>
      <subfield code="c">1966</subfield>
      <subfield code="d">1818</subfield>
      <subfield code="g">1</subfield>
      <subfield code="h">srp</subfield>
      <subfield code="i">b1</subfield>
      <subfield code="l">cb</subfield>
    </datafield>
    <datafield tag="101" ind1="2" ind2=" ">
      <subfield code="a">srp</subfield>
      <subfield code="a">ger</subfield>
      <subfield code="a">lat</subfield>
    </datafield>
    <datafield tag="102" ind1=" " ind2=" ">
      <subfield code="a">srb</subfield>
      <subfield code="b">cs</subfield>
    </datafield>
    <datafield tag="105" ind1=" " ind2=" ">
      <subfield code="b">e</subfield>
      <subfield code="e">1</subfield>
    </datafield>
    <datafield tag="200" ind1="0" ind2=" ">
      <subfield code="a">Српски рјечник</subfield>
      <subfield code="e">(1818)</subfield>
      <subfield code="f">Вук Стеф. Караџић</subfield>
      <subfield code="g">приредио Павле Ивић</subfield>
    </datafield>
    <datafield tag="210" ind1=" " ind2=" ">
      <subfield code="a">Београд</subfield>
      <subfield code="c">Просвета</subfield>
      <subfield code="d">1966</subfield>
      <subfield code="e">Београд</subfield>
      <subfield code="g">Београдски графички завод</subfield>
    </datafield>
    <datafield tag="215" ind1=" " ind2=" ">
      <subfield code="a">LXXI стр., 928 ст., 270 стр., 1 лист с ауторовом сликом</subfield>
      <subfield code="d">22 cm</subfield>
    </datafield>
    <datafield tag="225" ind1="1" ind2=" ">
      <subfield code="a">Сабрана дела Вука Караџића</subfield>
      <subfield code="v">књ. 2</subfield>
    </datafield>
    <datafield tag="300" ind1="0" ind2=" ">
      <subfield code="a">"Издање о стогодишњици смрти Вука Стефановића Караџића 1864-1964" , прелим. стр.</subfield>
    </datafield>
    <datafield tag="300" ind1="0" ind2=" ">
      <subfield code="a">Податак о аутору преузет са корица</subfield>
    </datafield>
    <datafield tag="300" ind1="0" ind2=" ">
      <subfield code="a">Стр. 19-186: О Вуковом Рјечнику из 1818. године / Павле Ивић</subfield>
    </datafield>
    <datafield tag="300" ind1="0" ind2=" ">
      <subfield code="a">Стр. 191: Белешка о овом издању / П. И. Павле Ивић</subfield>
    </datafield>
    <datafield tag="300" ind1="0" ind2=" ">
      <subfield code="a">Списак речи и облика поменутих у поговору: стр. 195-245</subfield>
    </datafield>
    <datafield tag="320" ind1="0" ind2=" ">
      <subfield code="a">Библиографија: стр. 187-188</subfield>
    </datafield>
    <datafield tag="320" ind1="0" ind2=" ">
      <subfield code="a">Регистри</subfield>
    </datafield>
    <datafield tag="324" ind1=" " ind2=" ">
      <subfield code="a">Фототипско изд.: У Бечу, 1818.</subfield>
    </datafield>
    <datafield tag="600" ind1="3" ind2="1">
      <subfield code="a">Караџић</subfield>
      <subfield code="b">Вук Стефановић</subfield>
      <subfield code="f">1787-1864</subfield>
      <subfield code="x">"Српски рјечник"</subfield>
    </datafield>
    <datafield tag="606" ind1="3" ind2=" ">
      <subfield code="a">Српски језик</subfield>
      <subfield code="x">Речници</subfield>
    </datafield>
    <datafield tag="675" ind1=" " ind2=" ">
      <subfield code="a">811.163.41'374</subfield>
      <subfield code="c">811.163.41'374</subfield>
    </datafield>
    <datafield tag="675" ind1=" " ind2=" ">
      <subfield code="a">81'374.81=163.41</subfield>
      <subfield code="c">81'374</subfield>
    </datafield>
    <datafield tag="675" ind1=" " ind2=" ">
      <subfield code="a">811.163.41:929 Караџић В. С.</subfield>
      <subfield code="c">811.163.41</subfield>
    </datafield>
    <datafield tag="700" ind1=" " ind2="1">
      <subfield code="a">Караџић</subfield>
      <subfield code="b">Вук Стефановић</subfield>
      <subfield code="f">1787-1864</subfield>
      <subfield code="4">070</subfield>
    </datafield>
    <datafield tag="702" ind1="1" ind2="1">
      <subfield code="a">Ивић</subfield>
      <subfield code="b">Павле</subfield>
      <subfield code="4">340</subfield>
      <subfield code="4">080</subfield>
    </datafield>
	<datafield tag="856">
		<subfield code="u">http://www.digitalna.nb.rs/wb/NBS/Tematske_kolekcije/procvat_pismenosti/sabrana_dela_vuka_karadzica/II_146423_02</subfield>
	</datafield>
    <datafield tag="992" ind1=" " ind2=" ">
      <subfield code="b">сц97x44,сц97x48,сц97x49,сц97x50,сц97x66,сц97x97,фрони1,рс10x24,рс11x01, 1110хр050,1110лк166,лцwасх,сц14x05,sc15x14,sc16x84,</subfield>
    </datafield>
    <datafield tag="996" ind1=" " ind2="7">
      <subfield code="d">lМАГ\f2\n146423\s2</subfield>
      <subfield code="f">196608313</subfield>
      <subfield code="6">1119033</subfield>
    </datafield>
    <datafield tag="996" ind1=" " ind2="7">
      <subfield code="v">a</subfield>
      <subfield code="w">c</subfield>
      <subfield code="8">32ПОЛ04\419970620</subfield>
      <subfield code="r">преусмерено1997</subfield>
      <subfield code="6">1119034</subfield>
    </datafield>
    <datafield tag="996" ind1="2" ind2="7">
      <subfield code="v">a</subfield>
      <subfield code="w">c</subfield>
      <subfield code="8">32ЛТУ01\419970620</subfield>
      <subfield code="r">преусмерено1997</subfield>
      <subfield code="6">1119035</subfield>
    </datafield>
    <datafield tag="996" ind1="2" ind2="7">
      <subfield code="v">a</subfield>
      <subfield code="w">c</subfield>
      <subfield code="8">32ЕСП01\419970620</subfield>
      <subfield code="r">преусмерено1997</subfield>
      <subfield code="6">1119036</subfield>
    </datafield>
    <datafield tag="996" ind1="2" ind2="7">
      <subfield code="v">a</subfield>
      <subfield code="w">c</subfield>
      <subfield code="8">32КОР01\419970620</subfield>
      <subfield code="r">преусмерено1997</subfield>
      <subfield code="6">1119037</subfield>
    </datafield>
    <datafield tag="996" ind1="2" ind2="7">
      <subfield code="v">a</subfield>
      <subfield code="w">c</subfield>
      <subfield code="8">32ЛТУ01\419970724</subfield>
      <subfield code="r">преусмерено1997</subfield>
      <subfield code="6">1119038</subfield>
    </datafield>
    <datafield tag="996" ind1="2" ind2="7">
      <subfield code="v">a</subfield>
      <subfield code="w">c</subfield>
      <subfield code="8">32ДЕУ12\419971015</subfield>
      <subfield code="r">преусмерено1997</subfield>
      <subfield code="6">1119039</subfield>
    </datafield>
    <datafield tag="996" ind1=" " ind2="8">
      <subfield code="v">c</subfield>
      <subfield code="w">b</subfield>
      <subfield code="3">RSD 00,00</subfield>
      <subfield code="3">USD 18,00</subfield>
      <subfield code="8">31УСА11\420100404</subfield>
      <subfield code="r">преусмерено2010</subfield>
      <subfield code="6">1119040</subfield>
    </datafield>
    <datafield tag="996" ind1=" " ind2="8">
      <subfield code="v">c</subfield>
      <subfield code="w">b</subfield>
      <subfield code="3">RSD 00,00</subfield>
      <subfield code="3">EUR 20,00</subfield>
      <subfield code="8">31СWЕ01\420110111</subfield>
      <subfield code="r">преусмерено2011</subfield>
      <subfield code="6">1119041</subfield>
    </datafield>
    <datafield tag="996" ind1=" " ind2="7">
      <subfield code="q">5</subfield>
      <subfield code="t">20140113</subfield>
      <subfield code="v">c</subfield>
      <subfield code="w">c</subfield>
      <subfield code="8">32АУТ01\420140113</subfield>
      <subfield code="6">1465693</subfield>
    </datafield>
    <datafield tag="996" ind1=" " ind2="7">
      <subfield code="q">5</subfield>
      <subfield code="t">20180123</subfield>
      <subfield code="v">c</subfield>
      <subfield code="w">c</subfield>
      <subfield code="8">32РУС03\420150305</subfield>
      <subfield code="6">1565922</subfield>
    </datafield>
    <datafield tag="996" ind1=" " ind2="7">
      <subfield code="q">5</subfield>
      <subfield code="t">20161012</subfield>
      <subfield code="v">c</subfield>
      <subfield code="w">c</subfield>
      <subfield code="8">32ФРА05\420161012</subfield>
      <subfield code="6">1711459</subfield>
    </datafield>
  </record>