
  <record>
    <datafield tag="000" ind1=" " ind2=" ">
      <subfield code="a">00101</subfield>
      <subfield code="b">1996121320160121</subfield>
      <subfield code="c">NBS::R-GORDANA</subfield>
      <subfield code="d">NBS::BOSAG</subfield>
      <subfield code="e">only</subfield>
      <subfield code="f">0</subfield>
      <subfield code="g">0000224200</subfield>
      <subfield code="o">20160121</subfield>
      <subfield code="p">NBS::BOSAG</subfield>
      <subfield code="x">50793228</subfield>
    </datafield>
	<datafield tag="856">
		<subfield code="u">http://www.digitalna.nb.rs/wb/NBS/Tematske_kolekcije/procvat_pismenosti/sabrana_dela_vuka_karadzica/II_146423_09</subfield>
	</datafield>
    <datafield tag="001" ind1=" " ind2=" ">
      <subfield code="a">i</subfield>
      <subfield code="b">a</subfield>
      <subfield code="c">m</subfield>
      <subfield code="d">0</subfield>
      <subfield code="7">vv</subfield>
    </datafield>
    <datafield tag="100" ind1=" " ind2=" ">
      <subfield code="c">1965</subfield>
      <subfield code="h">srp</subfield>
      <subfield code="i">b1</subfield>
      <subfield code="l">cb</subfield>
    </datafield>
    <datafield tag="101" ind1="0" ind2=" ">
      <subfield code="a">srp</subfield>
    </datafield>
    <datafield tag="102" ind1=" " ind2=" ">
      <subfield code="a">srb</subfield>
      <subfield code="b">cs</subfield>
    </datafield>
    <datafield tag="200" ind1="0" ind2=" ">
      <subfield code="a">Српске народне пословице</subfield>
      <subfield code="f">Вук Стефановић Караџић</subfield>
    </datafield>
    <datafield tag="210" ind1=" " ind2=" ">
      <subfield code="a">Београд</subfield>
      <subfield code="c">Просвета</subfield>
      <subfield code="d">1965</subfield>
    </datafield>
    <datafield tag="225" ind1="2" ind2=" ">
      <subfield code="a">Сабрана дела Вука Караџића</subfield>
      <subfield code="f">приредио Мирослав Пантић</subfield>
      <subfield code="h">књ.9</subfield>
    </datafield>
    <datafield tag="675" ind1=" " ind2=" ">
      <subfield code="c">001</subfield>
    </datafield>
    <datafield tag="700" ind1=" " ind2="1">
      <subfield code="a">Караџић</subfield>
      <subfield code="b">Вук Стефановић</subfield>
    </datafield>
    <datafield tag="992" ind1=" " ind2=" ">
      <subfield code="b">9612м030,сц153,сц97x44,сц97x46,сц97x48,сц97x50,сц97x97,сц04x97,ИД155763463, сц05x11,фрони2,рс11x120,сц13x63,сц14x68,sc16x05,</subfield>
    </datafield>
    <datafield tag="996" ind1=" " ind2="7">
      <subfield code="d">lМАГ\f2\n146423\s9</subfield>
      <subfield code="f">196606736</subfield>
      <subfield code="p">4</subfield>
      <subfield code="6">1607648</subfield>
    </datafield>
    <datafield tag="996" ind1="2" ind2="7">
      <subfield code="r">преусмерено1996</subfield>
      <subfield code="v">c</subfield>
      <subfield code="w">c</subfield>
      <subfield code="8">32ЕСП01\419961222</subfield>
      <subfield code="6">378562</subfield>
    </datafield>
    <datafield tag="996" ind1="2" ind2="7">
      <subfield code="r">преусмерено1997</subfield>
      <subfield code="v">a</subfield>
      <subfield code="w">c</subfield>
      <subfield code="8">32ПОЛ04\419970620</subfield>
      <subfield code="6">378563</subfield>
    </datafield>
    <datafield tag="996" ind1="2" ind2="7">
      <subfield code="r">преусмерено1997</subfield>
      <subfield code="v">a</subfield>
      <subfield code="w">c</subfield>
      <subfield code="8">32ИТА08\419970620</subfield>
      <subfield code="6">378564</subfield>
    </datafield>
    <datafield tag="996" ind1="2" ind2="7">
      <subfield code="r">преусмерено1997</subfield>
      <subfield code="v">a</subfield>
      <subfield code="w">c</subfield>
      <subfield code="8">32ЛТУ01\419970620</subfield>
      <subfield code="6">378565</subfield>
    </datafield>
    <datafield tag="996" ind1="2" ind2="7">
      <subfield code="r">преусмерено1997</subfield>
      <subfield code="v">a</subfield>
      <subfield code="w">c</subfield>
      <subfield code="8">32КОР01\419970620</subfield>
      <subfield code="6">378566</subfield>
    </datafield>
    <datafield tag="996" ind1="2" ind2="7">
      <subfield code="r">преусмерено1997</subfield>
      <subfield code="v">a</subfield>
      <subfield code="w">c</subfield>
      <subfield code="8">32ДЕУ12\419971015</subfield>
      <subfield code="6">378567</subfield>
    </datafield>
    <datafield tag="996" ind1="2" ind2="7">
      <subfield code="r">преусмерено2004</subfield>
      <subfield code="v">a</subfield>
      <subfield code="w">c</subfield>
      <subfield code="3">RSD 750,00</subfield>
      <subfield code="8">32ГБР01\420040522</subfield>
      <subfield code="6">378568</subfield>
    </datafield>
    <datafield tag="996" ind1="2" ind2="7">
      <subfield code="r">преусмерено2005</subfield>
      <subfield code="v">a</subfield>
      <subfield code="w">c</subfield>
      <subfield code="3">RSD 900,00</subfield>
      <subfield code="8">32ИТА12\420050129</subfield>
      <subfield code="6">378569</subfield>
    </datafield>
    <datafield tag="996" ind1=" " ind2="8">
      <subfield code="r">преусмерено2011</subfield>
      <subfield code="v">c</subfield>
      <subfield code="w">b</subfield>
      <subfield code="3">RSD 00,00</subfield>
      <subfield code="3">EUR 11,00</subfield>
      <subfield code="8">31ПОЛ12\420110222</subfield>
      <subfield code="6">378570</subfield>
    </datafield>
    <datafield tag="996" ind1=" " ind2="7">
      <subfield code="q">5</subfield>
      <subfield code="t">20130913</subfield>
      <subfield code="v">c</subfield>
      <subfield code="w">c</subfield>
      <subfield code="8">32ИТА15\420130913</subfield>
      <subfield code="6">1435135</subfield>
    </datafield>
    <datafield tag="996" ind1=" " ind2="7">
      <subfield code="q">5</subfield>
      <subfield code="t">20150909</subfield>
      <subfield code="v">c</subfield>
      <subfield code="w">c</subfield>
      <subfield code="8">32ПОЛ08\420140929</subfield>
      <subfield code="6">1531238</subfield>
    </datafield>
    <datafield tag="996" ind1=" " ind2="7">
      <subfield code="q">5</subfield>
      <subfield code="t">20160121</subfield>
      <subfield code="v">c</subfield>
      <subfield code="w">c</subfield>
      <subfield code="8">32ХРВ01\420160121</subfield>
      <subfield code="6">1644664</subfield>
    </datafield>
  </record>