
  <record>
    <datafield tag="000" ind1=" " ind2=" ">
      <subfield code="a">0015</subfield>
      <subfield code="b">2000050820160302</subfield>
      <subfield code="c">BMSNS::STANKO</subfield>
      <subfield code="d">NBS::BOSAG</subfield>
      <subfield code="e" />
      <subfield code="f">20110927</subfield>
      <subfield code="g">0000852833</subfield>
      <subfield code="h">NBS::TANJAT</subfield>
      <subfield code="i">20110927</subfield>
      <subfield code="o">20160302</subfield>
      <subfield code="p">NBS::BOSAG</subfield>
      <subfield code="x">155736327</subfield>
    </datafield>
    <datafield tag="001" ind1=" " ind2=" ">
      <subfield code="a">n</subfield>
      <subfield code="b">a</subfield>
      <subfield code="c">m</subfield>
      <subfield code="d">0</subfield>
      <subfield code="7">vv</subfield>
    </datafield>
    <datafield tag="010" ind1=" " ind2=" ">
      <subfield code="b">Пл.</subfield>
    </datafield>
    <datafield tag="100" ind1=" " ind2=" ">
      <subfield code="c">1965</subfield>
      <subfield code="h">srp</subfield>
      <subfield code="i">b1</subfield>
      <subfield code="l">cb</subfield>
      <subfield code="g">1</subfield>
    </datafield>
    <datafield tag="101" ind1="0" ind2=" ">
      <subfield code="a">srp</subfield>
    </datafield>
    <datafield tag="102" ind1=" " ind2=" ">
      <subfield code="a">srb</subfield>
      <subfield code="b">cs</subfield>
    </datafield>
    <datafield tag="105" ind1=" " ind2=" ">
      <subfield code="a">f</subfield>
      <subfield code="e">1</subfield>
      <subfield code="f">x1</subfield>
    </datafield>
    <datafield tag="200" ind1="0" ind2=" ">
      <subfield code="a">Мала простонародња славено-сербска пјеснарица</subfield>
      <subfield code="e">(1814)</subfield>
      <subfield code="a">Народна србска пјеснарица</subfield>
      <subfield code="e">(1815)</subfield>
      <subfield code="f">Вук Стеф. Караџић</subfield>
      <subfield code="g">приредио Владан Недић</subfield>
    </datafield>
    <datafield tag="210" ind1=" " ind2=" ">
      <subfield code="a">Београд</subfield>
      <subfield code="c">Просвета</subfield>
      <subfield code="d">1965</subfield>
      <subfield code="e">Београд</subfield>
      <subfield code="g">БИГЗ</subfield>
    </datafield>
    <datafield tag="215" ind1=" " ind2=" ">
      <subfield code="a">480 стр., 1 лист с ауторовом сликом</subfield>
      <subfield code="d">22 cm</subfield>
    </datafield>
    <datafield tag="225" ind1="2" ind2=" ">
      <subfield code="a">Сабрана дела Вука Караџића</subfield>
      <subfield code="f">Просвета, Београд</subfield>
      <subfield code="v">књ. 1</subfield>
    </datafield>
    <datafield tag="300" ind1="0" ind2=" ">
      <subfield code="a">Кор. и хрпт. ств. насл.: Пјеснарица 1814, 1815</subfield>
    </datafield>
    <datafield tag="300" ind1="0" ind2=" ">
      <subfield code="a">Податак о аутору преузет са кор.</subfield>
    </datafield>
    <datafield tag="300" ind1="0" ind2=" ">
      <subfield code="a">Стр. 367-380: О првој и другој Вуковој Пјеснарици / Владан Недић</subfield>
    </datafield>
    <datafield tag="300" ind1="0" ind2=" ">
      <subfield code="a">Стр. 381-383: Белешке о правопису и дијалектолошким подацима у пјеснарицама / Берислав М. Николић</subfield>
    </datafield>
    <datafield tag="300" ind1="0" ind2=" ">
      <subfield code="a">Напомене и објашњења: стр. 387-443</subfield>
    </datafield>
    <datafield tag="300" ind1="0" ind2=" ">
      <subfield code="a">Стр. 447-448: Белешка о овом издању / В. Н. Владан Недић</subfield>
    </datafield>
    <datafield tag="320" ind1="0" ind2=" ">
      <subfield code="a">Регистри.</subfield>
    </datafield>
    <datafield tag="512" ind1="0" ind2=" ">
      <subfield code="a">Пјеснарица 1814, 1815</subfield>
    </datafield>
    <datafield tag="600" ind1="1" ind2="1">
      <subfield code="a">Караџић</subfield>
      <subfield code="b">Вук Стефановић</subfield>
      <subfield code="f">1787-1864</subfield>
      <subfield code="x">Српске народне песме</subfield>
    </datafield>
    <datafield tag="675" ind1=" " ind2=" ">
      <subfield code="a">821.163.41-1:398</subfield>
      <subfield code="c">821.163.41:398</subfield>
      <subfield code="s">821.163.41</subfield>
      <subfield code="b">821.163.41:398</subfield>
    </datafield>
    <datafield tag="675" ind1=" " ind2=" ">
      <subfield code="a">821.163.41 Караџић В. С.</subfield>
      <subfield code="c">821.163.41.09 А/Ж</subfield>
    </datafield>
    <datafield tag="700" ind1=" " ind2="1">
      <subfield code="a">Караџић</subfield>
      <subfield code="b">Вук Стефановић</subfield>
      <subfield code="4">070</subfield>
    </datafield>
    <datafield tag="702" ind1="1" ind2="1">
      <subfield code="a">Недић</subfield>
      <subfield code="b">Владан</subfield>
      <subfield code="4">340</subfield>
      <subfield code="4">080</subfield>
    </datafield>
    <datafield tag="702" ind1="0" ind2="1">
      <subfield code="a">Николић</subfield>
      <subfield code="b">Берислав М.</subfield>
      <subfield code="4">080</subfield>
    </datafield>
	<datafield tag="856">
		<subfield code="u">http://www.digitalna.nb.rs/wb/NBS/Tematske_kolekcije/procvat_pismenosti/sabrana_dela_vuka_karadzica/II_146423_01</subfield>
	</datafield>
    <datafield tag="992" ind1=" " ind2=" ">
      <subfield code="b">9612м030,сц153,сц97x44,9605м030,сц16,сц97x46,сц97x48,сц97x50,сц97x97,фрони1,рс10x23,рс11x01,1109рд044,1109лкх044,рс14x01,lcwash5,sc16x17,rs16x130,</subfield>
    </datafield>
    <datafield tag="996" ind1=" " ind2="7">
      <subfield code="d">lМАГ\f2\n146423\s1</subfield>
      <subfield code="f">397300061</subfield>
      <subfield code="p">4</subfield>
      <subfield code="6">1119042</subfield>
    </datafield>
    <datafield tag="996" ind1="2" ind2="7">
      <subfield code="d">lМАГ\f2\n146423\s1\dц</subfield>
      <subfield code="f">196606737</subfield>
      <subfield code="p">4</subfield>
      <subfield code="6">1119043</subfield>
    </datafield>
    <datafield tag="996" ind1=" " ind2="7">
      <subfield code="q">5</subfield>
      <subfield code="t">20160122</subfield>
      <subfield code="v">c</subfield>
      <subfield code="w">c</subfield>
      <subfield code="8">32ЕСП01\419961222</subfield>
      <subfield code="6">1645036</subfield>
    </datafield>
    <datafield tag="996" ind1="2" ind2="7">
      <subfield code="r">преусмерено1996</subfield>
      <subfield code="v">a</subfield>
      <subfield code="w">c</subfield>
      <subfield code="8">32ИТА08\419960531</subfield>
      <subfield code="6">350926</subfield>
    </datafield>
    <datafield tag="996" ind1="2" ind2="7">
      <subfield code="r">преусмерено1997</subfield>
      <subfield code="v">a</subfield>
      <subfield code="w">c</subfield>
      <subfield code="8">32ПОЛ04\419970620</subfield>
      <subfield code="6">1119044</subfield>
    </datafield>
    <datafield tag="996" ind1="2" ind2="7">
      <subfield code="r">преусмерено1997</subfield>
      <subfield code="v">a</subfield>
      <subfield code="w">c</subfield>
      <subfield code="8">32ЛТУ01\419970620</subfield>
      <subfield code="6">350927</subfield>
    </datafield>
    <datafield tag="996" ind1="2" ind2="7">
      <subfield code="r">преусмерено1997</subfield>
      <subfield code="v">a</subfield>
      <subfield code="w">c</subfield>
      <subfield code="8">32КОР01\419970620</subfield>
      <subfield code="6">350928</subfield>
    </datafield>
    <datafield tag="996" ind1="2" ind2="7">
      <subfield code="r">преусмерено1997</subfield>
      <subfield code="v">a</subfield>
      <subfield code="w">c</subfield>
      <subfield code="8">32ДЕУ12\419971015</subfield>
      <subfield code="6">350929</subfield>
    </datafield>
    <datafield tag="996" ind1=" " ind2="8">
      <subfield code="r">преусмерено2010</subfield>
      <subfield code="v">c</subfield>
      <subfield code="w">b</subfield>
      <subfield code="3">RSD 00,00</subfield>
      <subfield code="3">USD 16,00</subfield>
      <subfield code="8">31УСА12\420100404</subfield>
      <subfield code="6">350930</subfield>
    </datafield>
    <datafield tag="996" ind1=" " ind2="8">
      <subfield code="r">преусмерено2011</subfield>
      <subfield code="v">c</subfield>
      <subfield code="w">b</subfield>
      <subfield code="3">RSD 00,00</subfield>
      <subfield code="3">EUR 20,00</subfield>
      <subfield code="8">31СWЕ01\420110111</subfield>
      <subfield code="6">350931</subfield>
    </datafield>
    <datafield tag="996" ind1=" " ind2="7">
      <subfield code="q">5</subfield>
      <subfield code="t">20140108</subfield>
      <subfield code="v">c</subfield>
      <subfield code="w">b</subfield>
      <subfield code="3">USD 15,00</subfield>
      <subfield code="8">31УСА11\420140108</subfield>
      <subfield code="6">1464554</subfield>
    </datafield>
    <datafield tag="996" ind1=" " ind2="7">
      <subfield code="q">5</subfield>
      <subfield code="t">20160301</subfield>
      <subfield code="v">c</subfield>
      <subfield code="w">c</subfield>
      <subfield code="8">32ДЕУ19\420160301</subfield>
      <subfield code="6">1654266</subfield>
    </datafield>
    <datafield tag="996" ind1=" " ind2="7">
      <subfield code="q">5</subfield>
      <subfield code="t">20160302</subfield>
      <subfield code="v">c</subfield>
      <subfield code="w">b</subfield>
      <subfield code="3">EUR 13,00</subfield>
      <subfield code="8">31ЦЗЕ11\420160302</subfield>
      <subfield code="6">1654826</subfield>
    </datafield>
  </record>