
  <record>
    <datafield tag="000" ind1=" " ind2=" ">
      <subfield code="a">00105</subfield>
      <subfield code="b">2014122920171024</subfield>
      <subfield code="c">NBS::NATASAP</subfield>
      <subfield code="d">NBS::BOSAG</subfield>
      <subfield code="e">L0012</subfield>
      <subfield code="f">0</subfield>
      <subfield code="g">0001000184</subfield>
      <subfield code="o">20171024</subfield>
      <subfield code="p">NBS::BOSAG</subfield>
      <subfield code="t">C3</subfield>
      <subfield code="x">212327948</subfield>
    </datafield>
	<datafield tag="856">
		<subfield code="u">http://www.digitalna.nb.rs/wb/NBS/Tematske_kolekcije/procvat_pismenosti/sabrana_dela_vuka_karadzica/II_640932</subfield>
	</datafield>
    <datafield tag="001" ind1=" " ind2=" ">
      <subfield code="a">c</subfield>
      <subfield code="b">a</subfield>
      <subfield code="c">m</subfield>
      <subfield code="d">0</subfield>
      <subfield code="7">vv</subfield>
    </datafield>
    <datafield tag="010" ind1=" " ind2=" ">
      <subfield code="a">978-86-87005-07-5</subfield>
      <subfield code="b">ВЗ; брош.</subfield>
    </datafield>
    <datafield tag="100" ind1=" " ind2=" ">
      <subfield code="c">2014</subfield>
      <subfield code="h">srp</subfield>
      <subfield code="l">cb</subfield>
    </datafield>
    <datafield tag="101" ind1="0" ind2=" ">
      <subfield code="a">srp</subfield>
      <subfield code="a">chu</subfield>
      <subfield code="a">ger</subfield>
    </datafield>
    <datafield tag="102" ind1=" " ind2=" ">
      <subfield code="a">srb</subfield>
      <subfield code="b">cs</subfield>
    </datafield>
    <datafield tag="105" ind1=" " ind2=" ">
      <subfield code="a">a</subfield>
    </datafield>
    <datafield tag="200" ind1="0" ind2=" ">
      <subfield code="a">О језику и књижевности</subfield>
      <subfield code="h">3, 2</subfield>
      <subfield code="f">Вук Стеф. Караџић</subfield>
      <subfield code="g">уредили Миодраг Матицки, Бошко Сувајџић</subfield>
    </datafield>
    <datafield tag="210" ind1=" " ind2=" ">
      <subfield code="a">Београд</subfield>
      <subfield code="c">Вукова задужбина</subfield>
      <subfield code="c">Просвета</subfield>
      <subfield code="d">2014</subfield>
      <subfield code="e">Београд</subfield>
      <subfield code="g">Чигоја штампа</subfield>
    </datafield>
    <datafield tag="215" ind1=" " ind2=" ">
      <subfield code="a">357 стр.</subfield>
      <subfield code="c">факс.</subfield>
      <subfield code="d">23 cm</subfield>
    </datafield>
    <datafield tag="225" ind1="2" ind2=" ">
      <subfield code="a">Сабрана дела Вука Стефановића Караџића</subfield>
      <subfield code="v">књ. 14, 2</subfield>
    </datafield>
    <datafield tag="300" ind1="0" ind2=" ">
      <subfield code="a">"Издање о стогодишњици смрти Вука Стефановића Караџића 1864-1964. и двестагодишњици његова рођења 1787-1987." , прелим. стр.</subfield>
    </datafield>
    <datafield tag="300" ind1="0" ind2=" ">
      <subfield code="a">Текст ћир. и лат.</subfield>
    </datafield>
    <datafield tag="300" ind1="0" ind2=" ">
      <subfield code="a">Податак о аутору преузет са корица</subfield>
    </datafield>
    <datafield tag="300" ind1="0" ind2=" ">
      <subfield code="a">Ауторова слика</subfield>
    </datafield>
    <datafield tag="300" ind1="0" ind2=" ">
      <subfield code="a">Тираж 1.000</subfield>
    </datafield>
    <datafield tag="320" ind1="0" ind2=" ">
      <subfield code="a">Напомене и библиографске референце уз текст</subfield>
    </datafield>
    <datafield tag="320" ind1="0" ind2=" ">
      <subfield code="a">Регистри.</subfield>
    </datafield>
    <datafield tag="606" ind1="3" ind2=" ">
      <subfield code="a">Српска књижевност</subfield>
    </datafield>
    <datafield tag="606" ind1="3" ind2=" ">
      <subfield code="a">Српски језик</subfield>
    </datafield>
    <datafield tag="675" ind1=" " ind2=" ">
      <subfield code="a">811.163.41</subfield>
      <subfield code="b">811.163.41</subfield>
      <subfield code="c">811.163.41</subfield>
    </datafield>
    <datafield tag="675" ind1=" " ind2=" ">
      <subfield code="a">821.163.41.09</subfield>
      <subfield code="c">821.163.41.09</subfield>
    </datafield>
    <datafield tag="700" ind1=" " ind2="1">
      <subfield code="a">Караџић</subfield>
      <subfield code="b">Вук Стефановић</subfield>
      <subfield code="f">1787-1864</subfield>
      <subfield code="4">070</subfield>
    </datafield>
    <datafield tag="702" ind1="0" ind2="1">
      <subfield code="a">Матицки</subfield>
      <subfield code="b">Миодраг</subfield>
      <subfield code="4">220</subfield>
    </datafield>
    <datafield tag="702" ind1="0" ind2="1">
      <subfield code="a">Сувајџић</subfield>
      <subfield code="b">Бошко</subfield>
      <subfield code="4">220</subfield>
    </datafield>
    <datafield tag="992" ind1=" " ind2=" ">
      <subfield code="b">1412opd145,1503mpd044,15032obs66,15032obsm66,B15M1,1503ok473,d15032,dns,dpr,dr,una6,rs15x138,rs16x50,rs16x54,rs16x57,rs16x190,sc16x71,sc16x76,sc16x78,sc16x80,rs16x71,sc16x92,sc16x94,sc17x41,sc17x56,rs17x224,</subfield>
    </datafield>
    <datafield tag="996" ind1=" " ind2="7">
      <subfield code="d">lМАГ\f2\n640932</subfield>
      <subfield code="f">101505856</subfield>
      <subfield code="o">20150320</subfield>
      <subfield code="p">4</subfield>
      <subfield code="v">d</subfield>
      <subfield code="2">p15032sr</subfield>
      <subfield code="6">1569922</subfield>
    </datafield>
    <datafield tag="996" ind1=" " ind2="7">
      <subfield code="d">lМАГ\f2\n640932\dм</subfield>
      <subfield code="f">101505857</subfield>
      <subfield code="o">20150320</subfield>
      <subfield code="p">7</subfield>
      <subfield code="v">d</subfield>
      <subfield code="2">p15032sr</subfield>
      <subfield code="6">1569923</subfield>
    </datafield>
    <datafield tag="996" ind1=" " ind2="7">
      <subfield code="q">5</subfield>
      <subfield code="t">20160606</subfield>
      <subfield code="v">c</subfield>
      <subfield code="w">b</subfield>
      <subfield code="8">31RS01\420150430</subfield>
      <subfield code="6">1580524</subfield>
    </datafield>
    <datafield tag="996" ind1=" " ind2="7">
      <subfield code="q">5</subfield>
      <subfield code="t">20160803</subfield>
      <subfield code="v">c</subfield>
      <subfield code="w">b</subfield>
      <subfield code="3">GBP 7,00</subfield>
      <subfield code="8">31GBR03\420160803</subfield>
      <subfield code="6">1695549</subfield>
    </datafield>
    <datafield tag="996" ind1=" " ind2="7">
      <subfield code="q">5</subfield>
      <subfield code="t">20160810</subfield>
      <subfield code="v">a</subfield>
      <subfield code="w">b</subfield>
      <subfield code="3">RSD 1.200,00</subfield>
      <subfield code="3">EUR 15,00</subfield>
      <subfield code="8">31AUT05\420160810</subfield>
      <subfield code="6">1697867</subfield>
    </datafield>
    <datafield tag="996" ind1=" " ind2="7">
      <subfield code="q">5</subfield>
      <subfield code="t">20160812</subfield>
      <subfield code="v">a</subfield>
      <subfield code="w">b</subfield>
      <subfield code="3">RSD 1.200,00</subfield>
      <subfield code="3">EUR 15,00</subfield>
      <subfield code="8">31DEU06\420160812</subfield>
      <subfield code="6">1698692</subfield>
    </datafield>
    <datafield tag="996" ind1=" " ind2="7">
      <subfield code="q">5</subfield>
      <subfield code="t">20160815</subfield>
      <subfield code="v">a</subfield>
      <subfield code="w">b</subfield>
      <subfield code="3">RSD 1.200,00</subfield>
      <subfield code="3">EUR 15,00</subfield>
      <subfield code="8">31RUS11\420160815</subfield>
      <subfield code="6">1698819</subfield>
    </datafield>
    <datafield tag="996" ind1=" " ind2="7">
      <subfield code="q">5</subfield>
      <subfield code="t">20160921</subfield>
      <subfield code="v">a</subfield>
      <subfield code="w">c</subfield>
      <subfield code="3">RSD 1.200,00</subfield>
      <subfield code="8">32ITA02\420160922</subfield>
      <subfield code="6">1706245</subfield>
    </datafield>
    <datafield tag="996" ind1=" " ind2="7">
      <subfield code="q">5</subfield>
      <subfield code="t">20161004</subfield>
      <subfield code="v">a</subfield>
      <subfield code="w">c</subfield>
      <subfield code="3">RSD 1.200,00</subfield>
      <subfield code="8">32POL01\420161004</subfield>
      <subfield code="6">1709153</subfield>
    </datafield>
    <datafield tag="996" ind1=" " ind2="7">
      <subfield code="q">5</subfield>
      <subfield code="t">20161005</subfield>
      <subfield code="v">a</subfield>
      <subfield code="w">c</subfield>
      <subfield code="3">RSD 1.200,00</subfield>
      <subfield code="8">32RUS03\420161005</subfield>
      <subfield code="6">1709821</subfield>
    </datafield>
    <datafield tag="996" ind1=" " ind2="7">
      <subfield code="q">5</subfield>
      <subfield code="t">20161010</subfield>
      <subfield code="v">a</subfield>
      <subfield code="w">c</subfield>
      <subfield code="3">RSD 1.200,00</subfield>
      <subfield code="8">32POL08\420161010</subfield>
      <subfield code="6">1710727</subfield>
    </datafield>
    <datafield tag="996" ind1=" " ind2="7">
      <subfield code="q">5</subfield>
      <subfield code="t">20161012</subfield>
      <subfield code="v">a</subfield>
      <subfield code="w">b</subfield>
      <subfield code="3">RSD 1.200,00</subfield>
      <subfield code="3">USD 16,00</subfield>
      <subfield code="8">31KOR01\420161012</subfield>
      <subfield code="6">1711426</subfield>
    </datafield>
    <datafield tag="996" ind1=" " ind2="7">
      <subfield code="q">5</subfield>
      <subfield code="t">20161207</subfield>
      <subfield code="v">a</subfield>
      <subfield code="w">c</subfield>
      <subfield code="3">RSD 1.200,00</subfield>
      <subfield code="8">32ITA15\420161207</subfield>
      <subfield code="6">1724382</subfield>
    </datafield>
    <datafield tag="996" ind1=" " ind2="7">
      <subfield code="q">5</subfield>
      <subfield code="t">20161208</subfield>
      <subfield code="v">a</subfield>
      <subfield code="w">c</subfield>
      <subfield code="3">RSD 1.200,00</subfield>
      <subfield code="8">32BGR02\420161208</subfield>
      <subfield code="6">1724935</subfield>
    </datafield>
    <datafield tag="996" ind1=" " ind2="7">
      <subfield code="q">5</subfield>
      <subfield code="t">20170602</subfield>
      <subfield code="v">a</subfield>
      <subfield code="w">c</subfield>
      <subfield code="3">RSD 1.360,00</subfield>
      <subfield code="8">32KOR01\420170602</subfield>
      <subfield code="6">1829901</subfield>
    </datafield>
    <datafield tag="996" ind1=" " ind2="7">
      <subfield code="q">5</subfield>
      <subfield code="t">20170613</subfield>
      <subfield code="v">a</subfield>
      <subfield code="w">c</subfield>
      <subfield code="3">RSD 1.360,00</subfield>
      <subfield code="8">32CG01\420170613</subfield>
      <subfield code="6">1842174</subfield>
    </datafield>
    <datafield tag="996" ind1=" " ind2="7">
      <subfield code="q">5</subfield>
      <subfield code="t">20171024</subfield>
      <subfield code="v">a</subfield>
      <subfield code="w">b</subfield>
      <subfield code="3">RSD 1.360,00</subfield>
      <subfield code="3">EUR 15,00</subfield>
      <subfield code="8">31BGR02\420171024</subfield>
      <subfield code="6">1965409</subfield>
    </datafield>
  </record>