
  <record>
    <datafield tag="000" ind1=" " ind2=" ">
      <subfield code="a">0015</subfield>
      <subfield code="b">2014092920180207</subfield>
      <subfield code="c">NBS::ANAS</subfield>
      <subfield code="d">NBS::BOSAG</subfield>
      <subfield code="e">L0012</subfield>
      <subfield code="f">0</subfield>
      <subfield code="g">0000988558</subfield>
      <subfield code="o">20180207</subfield>
      <subfield code="p">NBS::BOSAG</subfield>
      <subfield code="t">C3</subfield>
      <subfield code="x">210140684</subfield>
    </datafield>
	<datafield tag="856">
		<subfield code="u">http://www.digitalna.nb.rs/wb/NBS/Tematske_kolekcije/procvat_pismenosti/sabrana_dela_vuka_karadzica/II_634580</subfield>
	</datafield>
    <datafield tag="001" ind1=" " ind2=" ">
      <subfield code="a">c</subfield>
      <subfield code="b">a</subfield>
      <subfield code="c">m</subfield>
      <subfield code="d">0</subfield>
      <subfield code="7">vv</subfield>
    </datafield>
    <datafield tag="010" ind1=" " ind2=" ">
      <subfield code="a">978-86-87005-04-4</subfield>
      <subfield code="b">ВЗ; картон</subfield>
    </datafield>
    <datafield tag="100" ind1=" " ind2=" ">
      <subfield code="c">2014</subfield>
      <subfield code="h">srp</subfield>
      <subfield code="i">b1</subfield>
      <subfield code="l">cb</subfield>
      <subfield code="g">1</subfield>
    </datafield>
    <datafield tag="101" ind1="2" ind2=" ">
      <subfield code="a">srp</subfield>
      <subfield code="a">hrv</subfield>
      <subfield code="a">ger</subfield>
      <subfield code="c">lat</subfield>
      <subfield code="c">ger</subfield>
      <subfield code="c">rus</subfield>
      <subfield code="c">fre</subfield>
      <subfield code="c">ita</subfield>
    </datafield>
    <datafield tag="102" ind1=" " ind2=" ">
      <subfield code="a">srb</subfield>
      <subfield code="b">cs</subfield>
    </datafield>
    <datafield tag="105" ind1=" " ind2=" ">
      <subfield code="f">e</subfield>
      <subfield code="a">h</subfield>
    </datafield>
    <datafield tag="200" ind1="0" ind2=" ">
      <subfield code="a">Преписка</subfield>
      <subfield code="h">13</subfield>
      <subfield code="i">1863-1864.</subfield>
      <subfield code="a">Додаци</subfield>
      <subfield code="i">Испуштна и накнадно пронађена писма</subfield>
      <subfield code="a">Недатирана писма</subfield>
      <subfield code="a">Туђа преписка</subfield>
      <subfield code="f">приредио Голуб Добрашиновић</subfield>
      <subfield code="g">уредили Миодраг Матицки, Бошко Сувајџић</subfield>
    </datafield>
    <datafield tag="210" ind1=" " ind2=" ">
      <subfield code="a">Београд</subfield>
      <subfield code="c">Вукова задужбина</subfield>
      <subfield code="c">Просвета</subfield>
      <subfield code="d">2014</subfield>
      <subfield code="e">Београд</subfield>
      <subfield code="g">Чигоја штампа</subfield>
    </datafield>
    <datafield tag="215" ind1=" " ind2=" ">
      <subfield code="a">606 стр.</subfield>
      <subfield code="c">факс.</subfield>
      <subfield code="d">23 cm</subfield>
    </datafield>
    <datafield tag="225" ind1="2" ind2=" ">
      <subfield code="a">Сабрана дела Вука Караџића</subfield>
      <subfield code="v">књ. 32</subfield>
    </datafield>
    <datafield tag="300" ind1="1" ind2=" ">
      <subfield code="a">"Издање о стогодишњици смрти Вука Стефановића Караџића, 1864-1964. и двестагодишњици његова рођења, 1787-1987." , прелим. стр.</subfield>
    </datafield>
    <datafield tag="300" ind1="1" ind2=" ">
      <subfield code="a">Тираж 1.000</subfield>
    </datafield>
    <datafield tag="300" ind1="0" ind2=" ">
      <subfield code="a">Стр. 577-588: Реч на крају / Голуб Добрашиновић.</subfield>
    </datafield>
    <datafield tag="600" ind1="3" ind2="1">
      <subfield code="a">Караџић</subfield>
      <subfield code="b">Вук Стефановић</subfield>
      <subfield code="f">1787-1864</subfield>
      <subfield code="w">Преписка</subfield>
    </datafield>
    <datafield tag="675" ind1=" " ind2=" ">
      <subfield code="a">821.163.41-6</subfield>
      <subfield code="b">821.163.41-6</subfield>
      <subfield code="c">821.163.41</subfield>
      <subfield code="s">821.163.41</subfield>
    </datafield>
    <datafield tag="700" ind1=" " ind2="1">
      <subfield code="a">Караџић</subfield>
      <subfield code="b">Вук Стефановић</subfield>
      <subfield code="4">070</subfield>
      <subfield code="f">1787-1864</subfield>
    </datafield>
    <datafield tag="702" ind1="1" ind2="1">
      <subfield code="a">Добрашиновић</subfield>
      <subfield code="b">Голуб</subfield>
      <subfield code="4">220</subfield>
      <subfield code="4">080</subfield>
    </datafield>
    <datafield tag="702" ind1="0" ind2="1">
      <subfield code="a">Матицки</subfield>
      <subfield code="b">Миодраг</subfield>
      <subfield code="4">340</subfield>
    </datafield>
    <datafield tag="702" ind1="0" ind2="1">
      <subfield code="a">Сувајџић</subfield>
      <subfield code="b">Бошко</subfield>
      <subfield code="4">340</subfield>
    </datafield>
    <datafield tag="992" ind1=" " ind2=" ">
      <subfield code="b">1409оп059,1411срб044,14111обс279,14111обсм279,Б14М4,1411ок473,д14111,днс,др, ,дпр,una5,rs15x101,B14MP,1501i032,dr15x2,kbstok3,rs16x04,rs16x28,rs16x30,sc16x42,rs16x168,rs16x173,london9,sc16x48,sc16x33,rs16x198,sc16x71,lcwash8,rs16x99,sc17x10,rs17x129,sc18x14,</subfield>
    </datafield>
    <datafield tag="996" ind1=" " ind2="7">
      <subfield code="d">lМАГ\f2\n634580</subfield>
      <subfield code="f">101422379</subfield>
      <subfield code="o">20141107</subfield>
      <subfield code="p">4</subfield>
      <subfield code="v">d</subfield>
      <subfield code="2">p14111sr</subfield>
      <subfield code="6">1541404</subfield>
    </datafield>
    <datafield tag="996" ind1=" " ind2="7">
      <subfield code="d">lМАГ\f2\n634580\dм</subfield>
      <subfield code="f">101422380</subfield>
      <subfield code="o">20141107</subfield>
      <subfield code="p">7</subfield>
      <subfield code="v">d</subfield>
      <subfield code="2">p14111sr</subfield>
      <subfield code="6">1541405</subfield>
    </datafield>
    <datafield tag="996" ind1=" " ind2="7">
      <subfield code="d">lДР\n179</subfield>
      <subfield code="f">201500148</subfield>
      <subfield code="o">20150123</subfield>
      <subfield code="p">6</subfield>
      <subfield code="q">2</subfield>
      <subfield code="t">20150123</subfield>
      <subfield code="r">Дејан Ристић</subfield>
      <subfield code="v">c</subfield>
      <subfield code="6">1557415</subfield>
    </datafield>
    <datafield tag="996" ind1=" " ind2="7">
      <subfield code="q">5</subfield>
      <subfield code="t">20151221</subfield>
      <subfield code="v">c</subfield>
      <subfield code="w">b</subfield>
      <subfield code="8">31РС01\420150109</subfield>
      <subfield code="6">1554191</subfield>
    </datafield>
    <datafield tag="996" ind1=" " ind2="7">
      <subfield code="q">5</subfield>
      <subfield code="t">20160129</subfield>
      <subfield code="v">c</subfield>
      <subfield code="w">b</subfield>
      <subfield code="3">EUR 20,00</subfield>
      <subfield code="8">31СWЕ01\420160129</subfield>
      <subfield code="6">1646946</subfield>
    </datafield>
    <datafield tag="996" ind1=" " ind2="7">
      <subfield code="q">5</subfield>
      <subfield code="t">20160418</subfield>
      <subfield code="v">c</subfield>
      <subfield code="w">b</subfield>
      <subfield code="3">EUR 20,00</subfield>
      <subfield code="8">31РУС02\420160418</subfield>
      <subfield code="6">1668918</subfield>
    </datafield>
    <datafield tag="996" ind1=" " ind2="7">
      <subfield code="q">5</subfield>
      <subfield code="t">20160419</subfield>
      <subfield code="v">c</subfield>
      <subfield code="w">b</subfield>
      <subfield code="3">EUR 20,00</subfield>
      <subfield code="8">31РУС11\420160419</subfield>
      <subfield code="6">1669510</subfield>
    </datafield>
    <datafield tag="996" ind1=" " ind2="7">
      <subfield code="q">5</subfield>
      <subfield code="t">20160611</subfield>
      <subfield code="v">a</subfield>
      <subfield code="w">c</subfield>
      <subfield code="3">RSD 1.200,00</subfield>
      <subfield code="8">32ХРВ01\420160611</subfield>
      <subfield code="6">1682273</subfield>
    </datafield>
    <datafield tag="996" ind1=" " ind2="7">
      <subfield code="q">5</subfield>
      <subfield code="t">20160615</subfield>
      <subfield code="v">a</subfield>
      <subfield code="w">b</subfield>
      <subfield code="3">RSD 1.200,00</subfield>
      <subfield code="3">EUR 20,00</subfield>
      <subfield code="8">31ЦЗЕ11\420160615</subfield>
      <subfield code="6">1684044</subfield>
    </datafield>
    <datafield tag="996" ind1=" " ind2="7">
      <subfield code="q">5</subfield>
      <subfield code="t">20160623</subfield>
      <subfield code="v">a</subfield>
      <subfield code="w">b</subfield>
      <subfield code="3">RSD 1.200,00</subfield>
      <subfield code="3">EUR 20,00</subfield>
      <subfield code="8">31ХРВ13\420160623</subfield>
      <subfield code="6">1686056</subfield>
    </datafield>
    <datafield tag="996" ind1=" " ind2="7">
      <subfield code="q">5</subfield>
      <subfield code="t">20160624</subfield>
      <subfield code="v">c</subfield>
      <subfield code="w">c</subfield>
      <subfield code="8">32СВН01\420160624</subfield>
      <subfield code="6">1686305</subfield>
    </datafield>
    <datafield tag="996" ind1=" " ind2="7">
      <subfield code="q">5</subfield>
      <subfield code="t">20160629</subfield>
      <subfield code="v">a</subfield>
      <subfield code="w">c</subfield>
      <subfield code="3">RSD 1.200,00</subfield>
      <subfield code="8">32РС01\420160629</subfield>
      <subfield code="6">1687100</subfield>
    </datafield>
    <datafield tag="996" ind1=" " ind2="7">
      <subfield code="q">5</subfield>
      <subfield code="t">20160913</subfield>
      <subfield code="v">a</subfield>
      <subfield code="w">b</subfield>
      <subfield code="3">RSD 1.200,00</subfield>
      <subfield code="3">EUR 20,00</subfield>
      <subfield code="8">31РУС10\420160913</subfield>
      <subfield code="6">1704498</subfield>
    </datafield>
    <datafield tag="996" ind1=" " ind2="7">
      <subfield code="q">5</subfield>
      <subfield code="t">20160921</subfield>
      <subfield code="v">a</subfield>
      <subfield code="w">c</subfield>
      <subfield code="3">RSD 1.200,00</subfield>
      <subfield code="8">32ИТА02\420160922</subfield>
      <subfield code="6">1706259</subfield>
    </datafield>
    <datafield tag="996" ind1=" " ind2="7">
      <subfield code="q">5</subfield>
      <subfield code="t">20161227</subfield>
      <subfield code="v">a</subfield>
      <subfield code="w">b</subfield>
      <subfield code="3">RSD 1.200,00</subfield>
      <subfield code="3">GBP 20,00</subfield>
      <subfield code="8">31ГБР15\420161227</subfield>
      <subfield code="6">1729969</subfield>
    </datafield>
    <datafield tag="996" ind1=" " ind2="7">
      <subfield code="q">5</subfield>
      <subfield code="t">20170209</subfield>
      <subfield code="v">a</subfield>
      <subfield code="w">c</subfield>
      <subfield code="3">RSD 1.200,00</subfield>
      <subfield code="8">32ИТА15\420170209</subfield>
      <subfield code="6">1741117</subfield>
    </datafield>
    <datafield tag="996" ind1=" " ind2="7">
      <subfield code="q">5</subfield>
      <subfield code="t">20170309</subfield>
      <subfield code="v">a</subfield>
      <subfield code="w">b</subfield>
      <subfield code="3">RSD 1.200,00</subfield>
      <subfield code="3">EUR 20,00</subfield>
      <subfield code="8">31БГР01\420170309</subfield>
      <subfield code="6">1749806</subfield>
    </datafield>
    <datafield tag="996" ind1=" " ind2="7">
      <subfield code="q">5</subfield>
      <subfield code="t">20180207</subfield>
      <subfield code="v">a</subfield>
      <subfield code="w">c</subfield>
      <subfield code="3">RSD 1.200,00</subfield>
      <subfield code="8">32ДЕУ19\420180207</subfield>
      <subfield code="6">2062640</subfield>
    </datafield>
  </record>