
  <record>
    <datafield tag="000" ind1=" " ind2=" ">
      <subfield code="a">0014</subfield>
      <subfield code="b">1996052820140604</subfield>
      <subfield code="c">NBS::R-GORDANA</subfield>
      <subfield code="d">NBS::BOSAG</subfield>
      <subfield code="e" />
      <subfield code="f">0</subfield>
      <subfield code="g">0000209646</subfield>
      <subfield code="p">NBS::BOSAG</subfield>
      <subfield code="o">20140604</subfield>
      <subfield code="x">47067404</subfield>
    </datafield>
	<datafield tag="856">
		<subfield code="u">http://www.digitalna.nb.rs/wb/NBS/Tematske_kolekcije/procvat_pismenosti/sabrana_dela_vuka_karadzica/II_146423_36</subfield>
	</datafield>
    <datafield tag="001" ind1=" " ind2=" ">
      <subfield code="a">n</subfield>
      <subfield code="b">a</subfield>
      <subfield code="c">m</subfield>
      <subfield code="d">0</subfield>
      <subfield code="7">vv</subfield>
    </datafield>
    <datafield tag="010" ind1=" " ind2=" ">
      <subfield code="b">карон</subfield>
    </datafield>
    <datafield tag="100" ind1=" " ind2=" ">
      <subfield code="c">1974</subfield>
      <subfield code="h">srp</subfield>
      <subfield code="i">b1</subfield>
      <subfield code="l">cb</subfield>
    </datafield>
    <datafield tag="101" ind1="0" ind2=" ">
      <subfield code="a">srp</subfield>
    </datafield>
    <datafield tag="102" ind1=" " ind2=" ">
      <subfield code="a">srb</subfield>
      <subfield code="b">cs</subfield>
    </datafield>
    <datafield tag="200" ind1="0" ind2=" ">
      <subfield code="a">Библиографија списа Вука Караџића</subfield>
      <subfield code="g">Голуб Добрашиновић</subfield>
    </datafield>
    <datafield tag="210" ind1=" " ind2=" ">
      <subfield code="a">Београд</subfield>
      <subfield code="c">Просвета</subfield>
      <subfield code="d">1974</subfield>
    </datafield>
    <datafield tag="215" ind1=" " ind2=" ">
      <subfield code="a">972 стр.</subfield>
      <subfield code="d">22 цм</subfield>
    </datafield>
    <datafield tag="225" ind1="2" ind2=" ">
      <subfield code="a">Сабрана дела Вука Караџића</subfield>
      <subfield code="h">књ.36</subfield>
    </datafield>
    <datafield tag="675" ind1=" " ind2=" ">
      <subfield code="c">001</subfield>
    </datafield>
    <datafield tag="700" ind1=" " ind2="1">
      <subfield code="a">Добрашиновић</subfield>
      <subfield code="b">Голуб</subfield>
    </datafield>
    <datafield tag="992" ind1=" " ind2=" ">
      <subfield code="b">9605м030,сц12,фрони2,рс10x115,рс10x117,рс10x38,сц10x39,сц10x41,рс10x66,рс10 x181,сц10x136,сц11x16,сц11x18,сц11x20,рс11x54,сц11x62,1110лкх179,1110и001, п11пр12,рс11x205,сц12x28,фрони5,рс14x165,</subfield>
    </datafield>
    <datafield tag="996" ind1=" " ind2="8">
      <subfield code="d">lИ\n4339</subfield>
      <subfield code="f">201104097</subfield>
      <subfield code="o">20111024</subfield>
      <subfield code="p">4</subfield>
      <subfield code="r">Науцна цитаоница</subfield>
      <subfield code="6">350538</subfield>
    </datafield>
    <datafield tag="996" ind1=" " ind2="7">
      <subfield code="v">a</subfield>
      <subfield code="w">c</subfield>
      <subfield code="8">32ДЕУ15\419960521</subfield>
      <subfield code="r">преусмерено1996</subfield>
      <subfield code="d">lМАГ\f2\n146423\s36</subfield>
      <subfield code="f">197504221</subfield>
      <subfield code="p">4</subfield>
      <subfield code="6">350539</subfield>
    </datafield>
    <datafield tag="996" ind1=" " ind2="8">
      <subfield code="v">c</subfield>
      <subfield code="w">b</subfield>
      <subfield code="3">RSD 00,00</subfield>
      <subfield code="3">EUR 20,00</subfield>
      <subfield code="8">31МКД06\420100326</subfield>
      <subfield code="r">преусмерено2010</subfield>
      <subfield code="6">350540</subfield>
    </datafield>
    <datafield tag="996" ind1=" " ind2="8">
      <subfield code="v">a</subfield>
      <subfield code="w">b</subfield>
      <subfield code="3">RSD 100,00</subfield>
      <subfield code="3">EUR 20,00</subfield>
      <subfield code="8">31ЦЗЕ11\420100330</subfield>
      <subfield code="r">преусмерено2010</subfield>
      <subfield code="6">350541</subfield>
    </datafield>
    <datafield tag="996" ind1=" " ind2="8">
      <subfield code="v">a</subfield>
      <subfield code="w">b</subfield>
      <subfield code="3">RSD 100,00</subfield>
      <subfield code="8">31ЫУГ02\420100505</subfield>
      <subfield code="r">преусмерено2010</subfield>
      <subfield code="6">350542</subfield>
    </datafield>
    <datafield tag="996" ind1=" " ind2="8">
      <subfield code="v">a</subfield>
      <subfield code="w">c</subfield>
      <subfield code="3">RSD 100,00</subfield>
      <subfield code="8">32ИТА02\420100531</subfield>
      <subfield code="r">преусмерено2010</subfield>
      <subfield code="6">350543</subfield>
    </datafield>
    <datafield tag="996" ind1=" " ind2="8">
      <subfield code="v">a</subfield>
      <subfield code="w">c</subfield>
      <subfield code="3">RSD 100,00</subfield>
      <subfield code="8">32ХРВ01\420100604</subfield>
      <subfield code="r">преусмерено2010</subfield>
      <subfield code="6">350544</subfield>
    </datafield>
    <datafield tag="996" ind1=" " ind2="8">
      <subfield code="v">a</subfield>
      <subfield code="w">b</subfield>
      <subfield code="3">RSD 100,00</subfield>
      <subfield code="3">EUR 20,00</subfield>
      <subfield code="8">31СWЕ01\420100808</subfield>
      <subfield code="r">преусмерено2010</subfield>
      <subfield code="6">350545</subfield>
    </datafield>
    <datafield tag="996" ind1=" " ind2="8">
      <subfield code="v">a</subfield>
      <subfield code="w">b</subfield>
      <subfield code="3">RSD 100,00</subfield>
      <subfield code="3">EUR 20,00</subfield>
      <subfield code="8">31БГР02\420100903</subfield>
      <subfield code="r">преусмерено2010</subfield>
      <subfield code="6">350546</subfield>
    </datafield>
    <datafield tag="996" ind1=" " ind2="8">
      <subfield code="v">a</subfield>
      <subfield code="w">c</subfield>
      <subfield code="3">RSD 100,00</subfield>
      <subfield code="8">32ДЕУ04\420101125</subfield>
      <subfield code="r">преусмерено2010</subfield>
      <subfield code="6">350547</subfield>
    </datafield>
    <datafield tag="996" ind1=" " ind2="8">
      <subfield code="v">a</subfield>
      <subfield code="w">c</subfield>
      <subfield code="3">RSD 100,00</subfield>
      <subfield code="8">32ГБР02\420110307</subfield>
      <subfield code="r">преусмерено2011</subfield>
      <subfield code="6">350548</subfield>
    </datafield>
    <datafield tag="996" ind1=" " ind2="8">
      <subfield code="v">a</subfield>
      <subfield code="w">c</subfield>
      <subfield code="3">RSD 100,00</subfield>
      <subfield code="8">32ДЕУ19\420110309</subfield>
      <subfield code="r">преусмерено2011</subfield>
      <subfield code="6">350549</subfield>
    </datafield>
    <datafield tag="996" ind1=" " ind2="8">
      <subfield code="v">a</subfield>
      <subfield code="w">b</subfield>
      <subfield code="3">RSD 100,00</subfield>
      <subfield code="3">EUR 20,00</subfield>
      <subfield code="8">31ХРВ12\420110318</subfield>
      <subfield code="r">преусмерено2011</subfield>
      <subfield code="6">350550</subfield>
    </datafield>
    <datafield tag="996" ind1=" " ind2="8">
      <subfield code="v">a</subfield>
      <subfield code="w">c</subfield>
      <subfield code="3">RSD 100,00</subfield>
      <subfield code="8">32БГР03\420110321</subfield>
      <subfield code="r">преусмерено2011</subfield>
      <subfield code="6">350551</subfield>
    </datafield>
    <datafield tag="996" ind1=" " ind2="8">
      <subfield code="v">a</subfield>
      <subfield code="w">b</subfield>
      <subfield code="3">RSD 100,00</subfield>
      <subfield code="3">USD 20,00</subfield>
      <subfield code="8">31УСА12\420110808</subfield>
      <subfield code="r">преусмерено2011</subfield>
      <subfield code="6">350552</subfield>
    </datafield>
    <datafield tag="996" ind1=" " ind2="8">
      <subfield code="v">a</subfield>
      <subfield code="w">c</subfield>
      <subfield code="3">RSD 100,00</subfield>
      <subfield code="8">32УКР03\420110915</subfield>
      <subfield code="r">преусмерено2011</subfield>
      <subfield code="6">350553</subfield>
    </datafield>
    <datafield tag="996" ind1=" " ind2="8">
      <subfield code="v">c</subfield>
      <subfield code="w">b</subfield>
      <subfield code="8">31ЫУГ62\420111115</subfield>
      <subfield code="6">350554</subfield>
    </datafield>
    <datafield tag="996" ind1=" " ind2="8">
      <subfield code="v">c</subfield>
      <subfield code="w">c</subfield>
      <subfield code="8">32ЕСП02\420120530</subfield>
      <subfield code="6">350555</subfield>
    </datafield>
    <datafield tag="996" ind1=" " ind2="7">
      <subfield code="q">5</subfield>
      <subfield code="t">20140604</subfield>
      <subfield code="v">c</subfield>
      <subfield code="w">b</subfield>
      <subfield code="3">EUR 20,00</subfield>
      <subfield code="8">31ПОЛ12\420140604</subfield>
      <subfield code="6">1502829</subfield>
    </datafield>
  </record>