
  <record>
    <datafield tag="000" ind1=" " ind2=" ">
      <subfield code="a">00101</subfield>
      <subfield code="b">1995061220160129</subfield>
      <subfield code="c">NBS::JESIC-OLD</subfield>
      <subfield code="d">NBS::MARINAS</subfield>
      <subfield code="e">only</subfield>
      <subfield code="f">0</subfield>
      <subfield code="g">0000176602</subfield>
      <subfield code="o">20160129</subfield>
      <subfield code="p">NBS::MARINAS</subfield>
      <subfield code="x">38608140</subfield>
    </datafield>
	<datafield tag="856">
		<subfield code="u">http://www.digitalna.nb.rs/wb/NBS/Tematske_kolekcije/procvat_pismenosti/sabrana_dela_vuka_karadzica/II_146423_24</subfield>
	</datafield>
    <datafield tag="001" ind1=" " ind2=" ">
      <subfield code="a">c</subfield>
      <subfield code="b">a</subfield>
      <subfield code="c">m</subfield>
      <subfield code="d">0</subfield>
      <subfield code="7">vv</subfield>
    </datafield>
    <datafield tag="010" ind1=" " ind2=" ">
      <subfield code="a">86-07-00265-1</subfield>
    </datafield>
    <datafield tag="100" ind1=" " ind2=" ">
      <subfield code="c">1989</subfield>
      <subfield code="h">srp</subfield>
      <subfield code="i">b1</subfield>
      <subfield code="l">cb</subfield>
    </datafield>
    <datafield tag="101" ind1="0" ind2=" ">
      <subfield code="a">srp</subfield>
    </datafield>
    <datafield tag="102" ind1=" " ind2=" ">
      <subfield code="a">srb</subfield>
      <subfield code="b">cs</subfield>
    </datafield>
    <datafield tag="105" ind1=" " ind2=" ">
      <subfield code="a">y</subfield>
    </datafield>
    <datafield tag="200" ind1="0" ind2=" ">
      <subfield code="a">Преписка</subfield>
      <subfield code="h">5</subfield>
      <subfield code="e">1833-1836</subfield>
      <subfield code="f">Вук Стефановић Караџић</subfield>
      <subfield code="g">приредио Голуб Добрашиновић са сарадницима</subfield>
    </datafield>
    <datafield tag="205" ind1=" " ind2=" ">
      <subfield code="a">Издање о стогодишњици смрти Вука Стефановића Караџића 1864-1964 и двестагодишњици његова рођења 1787-1987</subfield>
    </datafield>
    <datafield tag="210" ind1=" " ind2=" ">
      <subfield code="a">Београд</subfield>
      <subfield code="c">Просвета</subfield>
      <subfield code="d">1989</subfield>
    </datafield>
    <datafield tag="215" ind1=" " ind2=" ">
      <subfield code="a">785 стр.</subfield>
      <subfield code="d">22 цм</subfield>
    </datafield>
    <datafield tag="225" ind1="2" ind2=" ">
      <subfield code="a">Сабрана дела Вука Караџића</subfield>
      <subfield code="v">књ. 24</subfield>
    </datafield>
    <datafield tag="300" ind1="1" ind2=" ">
      <subfield code="a">Тираж 3000</subfield>
    </datafield>
    <datafield tag="320" ind1=" " ind2=" ">
      <subfield code="a">Регистар.</subfield>
    </datafield>
    <datafield tag="600" ind1="0" ind2="1">
      <subfield code="a">Караџић</subfield>
      <subfield code="b">Вук Стефановић</subfield>
      <subfield code="f">1787-1864</subfield>
      <subfield code="w">Преписка</subfield>
    </datafield>
    <datafield tag="675" ind1=" " ind2=" ">
      <subfield code="a">886.1-6</subfield>
      <subfield code="c">821.163.4</subfield>
    </datafield>
    <datafield tag="700" ind1=" " ind2="1">
      <subfield code="a">Караџић</subfield>
      <subfield code="b">Вук Стефановић</subfield>
    </datafield>
    <datafield tag="992" ind1=" " ind2=" ">
      <subfield code="b">9506X052,9602x073,9604м030,сц3,сц97x44,рс97x46,сц97x49,сц97x50,сц97x97,сц98 x131,0208б070,сц02x163,ИД2811143,сц04x158,сц04x180,фрони1,рс10x117,рс10x23, рс10x24,сц10x41,рс10x163,сц10x96,сц10x135,kbstok3,rs16x04,</subfield>
    </datafield>
    <datafield tag="996" ind1="0" ind2="7">
      <subfield code="d">f2\n146423\s24</subfield>
      <subfield code="p">4</subfield>
      <subfield code="6">295934</subfield>
    </datafield>
    <datafield tag="996" ind1="2" ind2="7">
      <subfield code="v">a</subfield>
      <subfield code="w">c</subfield>
      <subfield code="8">32ЛТУ01\419960430</subfield>
      <subfield code="r">преусмерено1996</subfield>
      <subfield code="6">295935</subfield>
    </datafield>
    <datafield tag="996" ind1="2" ind2="7">
      <subfield code="v">a</subfield>
      <subfield code="w">c</subfield>
      <subfield code="8">32ПОЛ04\419970620</subfield>
      <subfield code="r">преусмерено1997</subfield>
      <subfield code="6">295936</subfield>
    </datafield>
    <datafield tag="996" ind1="2" ind2="7">
      <subfield code="v">a</subfield>
      <subfield code="w">b</subfield>
      <subfield code="3">RSD 150,00</subfield>
      <subfield code="3">DEM 40,00</subfield>
      <subfield code="8">31ПОЛ03\419970626</subfield>
      <subfield code="r">преусмерено1997</subfield>
      <subfield code="6">295937</subfield>
    </datafield>
    <datafield tag="996" ind1="2" ind2="7">
      <subfield code="v">a</subfield>
      <subfield code="w">c</subfield>
      <subfield code="8">32ЕСП01\419970620</subfield>
      <subfield code="r">преусмерено1997</subfield>
      <subfield code="6">295938</subfield>
    </datafield>
    <datafield tag="996" ind1="2" ind2="7">
      <subfield code="v">a</subfield>
      <subfield code="w">c</subfield>
      <subfield code="8">32КОР01\419970620</subfield>
      <subfield code="r">преусмерено1997</subfield>
      <subfield code="6">295939</subfield>
    </datafield>
    <datafield tag="996" ind1="2" ind2="7">
      <subfield code="v">a</subfield>
      <subfield code="w">c</subfield>
      <subfield code="8">32ДЕУ12\419971015</subfield>
      <subfield code="r">преусмерено1997</subfield>
      <subfield code="6">295940</subfield>
    </datafield>
    <datafield tag="996" ind1="2" ind2="7">
      <subfield code="v">a</subfield>
      <subfield code="w">c</subfield>
      <subfield code="8">32ГБР01\419980730</subfield>
      <subfield code="r">преусмерено1998</subfield>
      <subfield code="6">295941</subfield>
    </datafield>
    <datafield tag="996" ind1="2" ind2="7">
      <subfield code="v">a</subfield>
      <subfield code="w">c</subfield>
      <subfield code="8">32ФРА02\420020919</subfield>
      <subfield code="r">преусмерено2002</subfield>
      <subfield code="6">295942</subfield>
    </datafield>
    <datafield tag="996" ind1="2" ind2="7">
      <subfield code="v">a</subfield>
      <subfield code="w">c</subfield>
      <subfield code="8">32ХУН01\420020919</subfield>
      <subfield code="r">преусмерено2002</subfield>
      <subfield code="6">295943</subfield>
    </datafield>
    <datafield tag="996" ind1="2" ind2="7">
      <subfield code="v">a</subfield>
      <subfield code="w">c</subfield>
      <subfield code="8">32ИТА08\420020919</subfield>
      <subfield code="r">преусмерено2002</subfield>
      <subfield code="6">295944</subfield>
    </datafield>
    <datafield tag="996" ind1=" " ind2="7">
      <subfield code="v">a</subfield>
      <subfield code="w">c</subfield>
      <subfield code="3">RSD 400,00</subfield>
      <subfield code="8">32ИТА01/420040505</subfield>
      <subfield code="r">преусмерено</subfield>
      <subfield code="6">295945</subfield>
    </datafield>
    <datafield tag="996" ind1=" " ind2="7">
      <subfield code="v">a</subfield>
      <subfield code="w">c</subfield>
      <subfield code="3">RSD 100,00</subfield>
      <subfield code="8">32ИТА13/420041022</subfield>
      <subfield code="r">преусмерено</subfield>
      <subfield code="6">295946</subfield>
    </datafield>
    <datafield tag="996" ind1=" " ind2="7">
      <subfield code="v">a</subfield>
      <subfield code="w">c</subfield>
      <subfield code="3">RSD 100,00</subfield>
      <subfield code="8">32ИТА12/420041122</subfield>
      <subfield code="r">преусмерено</subfield>
      <subfield code="6">295947</subfield>
    </datafield>
    <datafield tag="996" ind1=" " ind2="8">
      <subfield code="v">a</subfield>
      <subfield code="w">b</subfield>
      <subfield code="3">RSD 100,00</subfield>
      <subfield code="3">EUR 15,00</subfield>
      <subfield code="8">31ЦЗЕ11\420100330</subfield>
      <subfield code="r">преусмерено2010</subfield>
      <subfield code="6">295948</subfield>
    </datafield>
    <datafield tag="996" ind1=" " ind2="8">
      <subfield code="v">a</subfield>
      <subfield code="w">b</subfield>
      <subfield code="3">RSD 100,00</subfield>
      <subfield code="3">USD 16,00</subfield>
      <subfield code="8">31УСА12\420100404</subfield>
      <subfield code="r">преусмерено2010</subfield>
      <subfield code="6">295949</subfield>
    </datafield>
    <datafield tag="996" ind1=" " ind2="8">
      <subfield code="v">a</subfield>
      <subfield code="w">b</subfield>
      <subfield code="3">RSD 100,00</subfield>
      <subfield code="3">USD 18,00</subfield>
      <subfield code="8">31УСА11\420100404</subfield>
      <subfield code="r">преусмерено2010</subfield>
      <subfield code="6">295950</subfield>
    </datafield>
    <datafield tag="996" ind1=" " ind2="8">
      <subfield code="v">a</subfield>
      <subfield code="w">c</subfield>
      <subfield code="3">RSD 100,00</subfield>
      <subfield code="8">32ХРВ01\420100604</subfield>
      <subfield code="r">преусмерено2010</subfield>
      <subfield code="6">295951</subfield>
    </datafield>
    <datafield tag="996" ind1=" " ind2="8">
      <subfield code="v">a</subfield>
      <subfield code="w">b</subfield>
      <subfield code="3">RSD 100,00</subfield>
      <subfield code="3">EUR 15,00</subfield>
      <subfield code="8">31ХУН05\420100726</subfield>
      <subfield code="r">преусмерено2010</subfield>
      <subfield code="6">295952</subfield>
    </datafield>
    <datafield tag="996" ind1=" " ind2="8">
      <subfield code="v">a</subfield>
      <subfield code="w">c</subfield>
      <subfield code="3">RSD 100,00</subfield>
      <subfield code="8">32ФРА05\420101112</subfield>
      <subfield code="r">преусмерено2010</subfield>
      <subfield code="6">295953</subfield>
    </datafield>
    <datafield tag="996" ind1=" " ind2="8">
      <subfield code="v">a</subfield>
      <subfield code="w">c</subfield>
      <subfield code="3">RSD 100,00</subfield>
      <subfield code="8">32ФРА12\420101124</subfield>
      <subfield code="r">преусмерено2010</subfield>
      <subfield code="6">295954</subfield>
    </datafield>
    <datafield tag="996" ind1=" " ind2="7">
      <subfield code="q">5</subfield>
      <subfield code="t">20160129</subfield>
      <subfield code="v">c</subfield>
      <subfield code="w">b</subfield>
      <subfield code="3">EUR 20,00</subfield>
      <subfield code="8">31СWЕ01\420160129</subfield>
      <subfield code="6">1646944</subfield>
    </datafield>
  </record>