
  <record>
    <datafield tag="000" ind1=" " ind2=" ">
      <subfield code="a">00101</subfield>
      <subfield code="b">1997061020170306</subfield>
      <subfield code="c">NBS::R-GORDANA</subfield>
      <subfield code="d">NBS::BOSAG</subfield>
      <subfield code="e">only</subfield>
      <subfield code="f">0</subfield>
      <subfield code="g">0000241169</subfield>
      <subfield code="o">20170306</subfield>
      <subfield code="p">NBS::BOSAG</subfield>
      <subfield code="x">55137292</subfield>
    </datafield>
	<datafield tag="856">
		<subfield code="u">http://www.digitalna.nb.rs/wb/NBS/Tematske_kolekcije/procvat_pismenosti/sabrana_dela_vuka_karadzica/II_146423_17</subfield>
	</datafield>
    <datafield tag="001" ind1=" " ind2=" ">
      <subfield code="a">i</subfield>
      <subfield code="b">a</subfield>
      <subfield code="c">m</subfield>
      <subfield code="d">0</subfield>
      <subfield code="7">vv</subfield>
    </datafield>
    <datafield tag="100" ind1=" " ind2=" ">
      <subfield code="c">1972</subfield>
      <subfield code="h">srp</subfield>
      <subfield code="i">b1</subfield>
      <subfield code="l">cb</subfield>
    </datafield>
    <datafield tag="101" ind1="0" ind2=" ">
      <subfield code="a">srp</subfield>
    </datafield>
    <datafield tag="102" ind1=" " ind2=" ">
      <subfield code="a">srb</subfield>
      <subfield code="b">cs</subfield>
    </datafield>
    <datafield tag="200" ind1="0" ind2=" ">
      <subfield code="a">Етнографски списи</subfield>
      <subfield code="f">Вук Стеф.Караџић</subfield>
    </datafield>
    <datafield tag="210" ind1=" " ind2=" ">
      <subfield code="a">Београд</subfield>
      <subfield code="c">Просвета</subfield>
      <subfield code="d">1972</subfield>
    </datafield>
    <datafield tag="225" ind1="2" ind2=" ">
      <subfield code="a">Сабрана дела Вука Караџића</subfield>
      <subfield code="f">приредио Мил.С.Филиповић</subfield>
      <subfield code="h">књ.17</subfield>
    </datafield>
    <datafield tag="675" ind1=" " ind2=" ">
      <subfield code="c">001</subfield>
    </datafield>
    <datafield tag="700" ind1=" " ind2="1">
      <subfield code="a">Караџић</subfield>
      <subfield code="b">Вук Стефановић</subfield>
    </datafield>
    <datafield tag="992" ind1=" " ind2=" ">
      <subfield code="b">сц97x44,сц97x46,сц97x48,сц97x49,сц97x50,сц97x97,ид155763719,вдф,сц07x35, рс07x136,сц07x41,сц07x42,сц07x43,сц07x45,сц07x46,сц07x49,сц07x51,сц07x69, сц07x78,сц07x110,рс09x271,фрони2,рс11x22,kbstok3,rs16x04,rs17x125,</subfield>
    </datafield>
    <datafield tag="996" ind1="2" ind2="7">
      <subfield code="d">lМАГ\f2\n146423\s17</subfield>
      <subfield code="f">197209708</subfield>
      <subfield code="p">4</subfield>
      <subfield code="r">преусмерено1997</subfield>
      <subfield code="v">a</subfield>
      <subfield code="w">c</subfield>
      <subfield code="8">32ПОЛ04\419970620</subfield>
      <subfield code="6">411654</subfield>
    </datafield>
    <datafield tag="996" ind1="2" ind2="7">
      <subfield code="v">a</subfield>
      <subfield code="w">c</subfield>
      <subfield code="8">32ИТА08\419970620</subfield>
      <subfield code="r">преусмерено1997</subfield>
      <subfield code="6">411655</subfield>
    </datafield>
    <datafield tag="996" ind1="2" ind2="7">
      <subfield code="v">a</subfield>
      <subfield code="w">c</subfield>
      <subfield code="8">32ЛТУ01\419970620</subfield>
      <subfield code="r">преусмерено1997</subfield>
      <subfield code="6">411656</subfield>
    </datafield>
    <datafield tag="996" ind1="2" ind2="7">
      <subfield code="v">a</subfield>
      <subfield code="w">c</subfield>
      <subfield code="8">32ЕСП01\419970620</subfield>
      <subfield code="r">преусмерено1997</subfield>
      <subfield code="6">411657</subfield>
    </datafield>
    <datafield tag="996" ind1="2" ind2="7">
      <subfield code="v">a</subfield>
      <subfield code="w">c</subfield>
      <subfield code="8">32КОР01\419970620</subfield>
      <subfield code="r">преусмерено1997</subfield>
      <subfield code="6">411658</subfield>
    </datafield>
    <datafield tag="996" ind1="2" ind2="7">
      <subfield code="v">a</subfield>
      <subfield code="w">c</subfield>
      <subfield code="8">32ДЕУ12\419971015</subfield>
      <subfield code="r">преусмерено1997</subfield>
      <subfield code="6">411659</subfield>
    </datafield>
    <datafield tag="996" ind1=" " ind2="7">
      <subfield code="v">c</subfield>
      <subfield code="w">c</subfield>
      <subfield code="8">32ПОЛ02\420070322</subfield>
      <subfield code="r">преусмерено2007</subfield>
      <subfield code="6">411660</subfield>
    </datafield>
    <datafield tag="996" ind1=" " ind2="7">
      <subfield code="v">a</subfield>
      <subfield code="w">b</subfield>
      <subfield code="3">RSD 350,00</subfield>
      <subfield code="3">EUR 14,00</subfield>
      <subfield code="8">31БИХ02\420070322</subfield>
      <subfield code="r">преусмерено2007</subfield>
      <subfield code="6">411661</subfield>
    </datafield>
    <datafield tag="996" ind1=" " ind2="7">
      <subfield code="v">a</subfield>
      <subfield code="w">c</subfield>
      <subfield code="3">RSD 350,00</subfield>
      <subfield code="8">32ЦЗЕ02\420070422</subfield>
      <subfield code="r">преусмерено2007</subfield>
      <subfield code="6">411662</subfield>
    </datafield>
    <datafield tag="996" ind1=" " ind2="7">
      <subfield code="v">a</subfield>
      <subfield code="w">c</subfield>
      <subfield code="3">RSD 350,00</subfield>
      <subfield code="8">32ПОЛ05\420070422</subfield>
      <subfield code="r">преусмерено2007</subfield>
      <subfield code="6">411663</subfield>
    </datafield>
    <datafield tag="996" ind1=" " ind2="7">
      <subfield code="v">a</subfield>
      <subfield code="w">c</subfield>
      <subfield code="3">RSD 350,00</subfield>
      <subfield code="8">32РУС03\420070422</subfield>
      <subfield code="r">преусмерено2007</subfield>
      <subfield code="6">411664</subfield>
    </datafield>
    <datafield tag="996" ind1=" " ind2="7">
      <subfield code="v">a</subfield>
      <subfield code="w">c</subfield>
      <subfield code="3">RSD 350,00</subfield>
      <subfield code="8">32ИТА12\420070422</subfield>
      <subfield code="r">преусмерено2007</subfield>
      <subfield code="6">411665</subfield>
    </datafield>
    <datafield tag="996" ind1=" " ind2="7">
      <subfield code="v">a</subfield>
      <subfield code="w">c</subfield>
      <subfield code="3">RSD 350,00</subfield>
      <subfield code="8">32ПОЛ07\420070422</subfield>
      <subfield code="r">преусмерено2007</subfield>
      <subfield code="6">411666</subfield>
    </datafield>
    <datafield tag="996" ind1=" " ind2="7">
      <subfield code="v">a</subfield>
      <subfield code="w">c</subfield>
      <subfield code="3">RSD 350,00</subfield>
      <subfield code="8">32ФРА03\420070422</subfield>
      <subfield code="r">преусмерено2007</subfield>
      <subfield code="6">411667</subfield>
    </datafield>
    <datafield tag="996" ind1=" " ind2="7">
      <subfield code="v">a</subfield>
      <subfield code="w">c</subfield>
      <subfield code="3">RSD 350,00</subfield>
      <subfield code="8">32ПОЛ08\420070422</subfield>
      <subfield code="r">преусмерено2007</subfield>
      <subfield code="6">411668</subfield>
    </datafield>
    <datafield tag="996" ind1=" " ind2="7">
      <subfield code="v">a</subfield>
      <subfield code="w">c</subfield>
      <subfield code="3">RSD 350,00</subfield>
      <subfield code="8">32СВН01\420070622</subfield>
      <subfield code="r">преусмерено2007</subfield>
      <subfield code="6">411669</subfield>
    </datafield>
    <datafield tag="996" ind1=" " ind2="7">
      <subfield code="v">a</subfield>
      <subfield code="w">c</subfield>
      <subfield code="3">RSD 350,00</subfield>
      <subfield code="8">32ДЕУ19\420070622</subfield>
      <subfield code="r">преусмерено2007</subfield>
      <subfield code="6">411670</subfield>
    </datafield>
    <datafield tag="996" ind1=" " ind2="7">
      <subfield code="v">a</subfield>
      <subfield code="w">c</subfield>
      <subfield code="3">RSD 350,00</subfield>
      <subfield code="8">32БЛР01\420071022</subfield>
      <subfield code="r">преусмерено2007</subfield>
      <subfield code="6">411671</subfield>
    </datafield>
    <datafield tag="996" ind1=" " ind2="8">
      <subfield code="v">c</subfield>
      <subfield code="w">b</subfield>
      <subfield code="3">RSD 00,00</subfield>
      <subfield code="3">EUR 12,00</subfield>
      <subfield code="8">31БЛР01\420091214</subfield>
      <subfield code="r">преусмерено2009</subfield>
      <subfield code="6">411672</subfield>
    </datafield>
    <datafield tag="996" ind1=" " ind2="8">
      <subfield code="v">c</subfield>
      <subfield code="w">b</subfield>
      <subfield code="3">RSD 00,00</subfield>
      <subfield code="3">USD 18,00</subfield>
      <subfield code="8">31УСА11\420110301</subfield>
      <subfield code="r">преусмерено2011</subfield>
      <subfield code="6">411673</subfield>
    </datafield>
    <datafield tag="996" ind1=" " ind2="7">
      <subfield code="q">5</subfield>
      <subfield code="t">20160129</subfield>
      <subfield code="v">c</subfield>
      <subfield code="w">b</subfield>
      <subfield code="3">EUR 20,00</subfield>
      <subfield code="8">31СWЕ01\420160129</subfield>
      <subfield code="6">1646972</subfield>
    </datafield>
    <datafield tag="996" ind1=" " ind2="7">
      <subfield code="q">5</subfield>
      <subfield code="t">20170306</subfield>
      <subfield code="v">c</subfield>
      <subfield code="w">b</subfield>
      <subfield code="3">EUR 18,00</subfield>
      <subfield code="8">31ПОЛ13\420170306</subfield>
      <subfield code="6">1748287</subfield>
    </datafield>
  </record>