
  <record>
    <datafield tag="000" ind1=" " ind2=" ">
      <subfield code="a">00117</subfield>
      <subfield code="b">2000050920180809</subfield>
      <subfield code="c">BMSNS::STANKO</subfield>
      <subfield code="d">NBS::TANJAT</subfield>
      <subfield code="e">L0012</subfield>
      <subfield code="f">20180809</subfield>
      <subfield code="g">0001300628</subfield>
      <subfield code="h">NBS::TANJAT</subfield>
      <subfield code="i">20180809</subfield>
      <subfield code="o">20180809</subfield>
      <subfield code="p">NBS::TANJAT</subfield>
      <subfield code="t">C3</subfield>
      <subfield code="x">155764743</subfield>
    </datafield>
	<datafield tag="856">
		<subfield code="u">http://www.digitalna.nb.rs/wb/NBS/Tematske_kolekcije/procvat_pismenosti/sabrana_dela_vuka_karadzica/II_146423_18</subfield>
	</datafield>
    <datafield tag="001" ind1=" " ind2=" ">
      <subfield code="a">c</subfield>
      <subfield code="b">a</subfield>
      <subfield code="c">m</subfield>
      <subfield code="d">0</subfield>
      <subfield code="7">vv</subfield>
    </datafield>
    <datafield tag="010" ind1=" " ind2=" ">
      <subfield code="b">Пл.</subfield>
    </datafield>
    <datafield tag="100" ind1=" " ind2=" ">
      <subfield code="c">1972</subfield>
      <subfield code="h">srp</subfield>
      <subfield code="l">cb</subfield>
    </datafield>
    <datafield tag="101" ind1="0" ind2=" ">
      <subfield code="a">srp</subfield>
      <subfield code="a">ger</subfield>
    </datafield>
    <datafield tag="102" ind1=" " ind2=" ">
      <subfield code="a">srb</subfield>
      <subfield code="b">cs</subfield>
    </datafield>
    <datafield tag="105" ind1=" " ind2=" ">
      <subfield code="a">c</subfield>
      <subfield code="a">h</subfield>
      <subfield code="e">1</subfield>
    </datafield>
    <datafield tag="200" ind1="0" ind2=" ">
      <subfield code="a">О Црној Гори</subfield>
      <subfield code="a">Разни списи</subfield>
      <subfield code="f">Вук Стеф. Караџић</subfield>
      <subfield code="g">приредио Голуб Добрашиновић</subfield>
    </datafield>
    <datafield tag="210" ind1=" " ind2=" ">
      <subfield code="a">Београд</subfield>
      <subfield code="c">Просвета</subfield>
      <subfield code="d">1972</subfield>
      <subfield code="e">Београд</subfield>
      <subfield code="g">Београдски издавачко-графички завод</subfield>
    </datafield>
    <datafield tag="215" ind1=" " ind2=" ">
      <subfield code="a">1068 стр., 1 лист с ауторовом сликом, 1 вишеструко пресавијен лист с геогр. картом</subfield>
      <subfield code="c">факс.</subfield>
      <subfield code="d">22 cm</subfield>
    </datafield>
    <datafield tag="225" ind1="2" ind2=" ">
      <subfield code="a">Сабрана дела Вука Караџића</subfield>
      <subfield code="v">књ. 18</subfield>
    </datafield>
    <datafield tag="300" ind1="0" ind2=" ">
      <subfield code="a">Податак о аутору преузет са корица</subfield>
    </datafield>
    <datafield tag="300" ind1="0" ind2=" ">
      <subfield code="a">Текст на срп. и нем. језику</subfield>
    </datafield>
    <datafield tag="300" ind1="0" ind2=" ">
      <subfield code="a">Ћир., лат. и гот.</subfield>
    </datafield>
    <datafield tag="300" ind1="0" ind2=" ">
      <subfield code="a">Напомене и објашњења: стр. 609-957</subfield>
    </datafield>
    <datafield tag="300" ind1="0" ind2=" ">
      <subfield code="a">Стр. 961-1003: Вук и Црна Гора / Голуб Добрашиновић</subfield>
    </datafield>
    <datafield tag="300" ind1="0" ind2=" ">
      <subfield code="a">Стр. 1007-1013: Белешка о овом издању / Г. ГолубД.  Добрашиновић</subfield>
    </datafield>
    <datafield tag="320" ind1="0" ind2=" ">
      <subfield code="a">Регистри.</subfield>
    </datafield>
    <datafield tag="600" ind1="1" ind2="1">
      <subfield code="a">Караџић</subfield>
      <subfield code="b">Вук Стефановић</subfield>
      <subfield code="f">1787-1864</subfield>
      <subfield code="x">"О Црној Гори"</subfield>
    </datafield>
    <datafield tag="600" ind1="1" ind2="1">
      <subfield code="a">Караџић</subfield>
      <subfield code="b">Вук Стефановић</subfield>
      <subfield code="f">1787-1864</subfield>
      <subfield code="x">"Разни списи"</subfield>
    </datafield>
    <datafield tag="606" ind1="1" ind2=" ">
      <subfield code="a">Народни обичаји</subfield>
      <subfield code="y">Црна Гора</subfield>
    </datafield>
    <datafield tag="606" ind1="1" ind2=" ">
      <subfield code="a">Народни обичаји</subfield>
      <subfield code="y">Србија</subfield>
    </datafield>
    <datafield tag="675" ind1=" " ind2=" ">
      <subfield code="a">392(497.16)</subfield>
      <subfield code="c">39</subfield>
      <subfield code="s">3</subfield>
      <subfield code="b">39</subfield>
    </datafield>
    <datafield tag="675" ind1=" " ind2=" ">
      <subfield code="a">392(497.11)</subfield>
      <subfield code="c">39(497.11+497.16)</subfield>
    </datafield>
    <datafield tag="675" ind1=" " ind2=" ">
      <subfield code="a">821.163.41-83</subfield>
      <subfield code="c">821.163.41</subfield>
    </datafield>
    <datafield tag="700" ind1=" " ind2="1">
      <subfield code="a">Караџић</subfield>
      <subfield code="b">Вук Стефановић</subfield>
      <subfield code="f">1787-1864</subfield>
      <subfield code="4">070</subfield>
    </datafield>
    <datafield tag="702" ind1="0" ind2="1">
      <subfield code="a">Добрашиновић</subfield>
      <subfield code="b">Голуб</subfield>
      <subfield code="f">1925-2008</subfield>
      <subfield code="4">220</subfield>
      <subfield code="4">080</subfield>
    </datafield>
    <datafield tag="992" ind1=" " ind2=" ">
      <subfield code="b">sc97x44,sc97x48,sc97x49,sc97x50,sc97x97,ID155764743,vdf,rs07x136,sc07x41, sc07x42,sc07x43,sc07x44,sc07x45,sc07x46,sc07x49,sc07x51,sc07x54,rs07x44, sc07x69,sc07x110,sc07x116,froni2,rs11x22,rs11x185,rs13x92,sc14x84,kbstok3,rs16x04,sc16x17,1808k044,1808rd044,</subfield>
    </datafield>
    <datafield tag="996" ind1="2" ind2="7">
      <subfield code="r">преусмерено1997</subfield>
      <subfield code="v">a</subfield>
      <subfield code="w">c</subfield>
      <subfield code="8">32ПОЛ04\419970620</subfield>
      <subfield code="6">411622</subfield>
    </datafield>
    <datafield tag="996" ind1="2" ind2="7">
      <subfield code="r">преусмерено1997</subfield>
      <subfield code="v">a</subfield>
      <subfield code="w">c</subfield>
      <subfield code="8">32ЛТУ01\419970620</subfield>
      <subfield code="6">411623</subfield>
    </datafield>
    <datafield tag="996" ind1="2" ind2="7">
      <subfield code="r">преусмерено1997</subfield>
      <subfield code="v">a</subfield>
      <subfield code="w">c</subfield>
      <subfield code="8">32ЕСП01\419970620</subfield>
      <subfield code="6">411624</subfield>
    </datafield>
    <datafield tag="996" ind1="2" ind2="7">
      <subfield code="r">преусмерено1997</subfield>
      <subfield code="v">a</subfield>
      <subfield code="w">c</subfield>
      <subfield code="8">32КОР01\419970620</subfield>
      <subfield code="6">411625</subfield>
    </datafield>
    <datafield tag="996" ind1="2" ind2="7">
      <subfield code="r">преусмерено1997</subfield>
      <subfield code="v">a</subfield>
      <subfield code="w">c</subfield>
      <subfield code="8">32ДЕУ12\419971015</subfield>
      <subfield code="6">411626</subfield>
    </datafield>
    <datafield tag="996" ind1=" " ind2="7">
      <subfield code="r">преусмерено2007</subfield>
      <subfield code="v">a</subfield>
      <subfield code="w">b</subfield>
      <subfield code="3">RSD 350,00</subfield>
      <subfield code="3">EUR 18,00</subfield>
      <subfield code="8">31БИХ02\420070322</subfield>
      <subfield code="6">411627</subfield>
    </datafield>
    <datafield tag="996" ind1=" " ind2="7">
      <subfield code="r">преусмерено2007</subfield>
      <subfield code="v">a</subfield>
      <subfield code="w">c</subfield>
      <subfield code="3">RSD 350,00</subfield>
      <subfield code="8">32ЦЗЕ02\420070422</subfield>
      <subfield code="6">411628</subfield>
    </datafield>
    <datafield tag="996" ind1=" " ind2="7">
      <subfield code="r">преусмерено2007</subfield>
      <subfield code="v">c</subfield>
      <subfield code="w">c</subfield>
      <subfield code="8">32ПОЛ05\420070422</subfield>
      <subfield code="6">411629</subfield>
    </datafield>
    <datafield tag="996" ind1=" " ind2="7">
      <subfield code="r">преусмерено2007</subfield>
      <subfield code="v">a</subfield>
      <subfield code="w">c</subfield>
      <subfield code="3">RSD 350,00</subfield>
      <subfield code="8">32РУС03\420070422</subfield>
      <subfield code="6">411630</subfield>
    </datafield>
    <datafield tag="996" ind1=" " ind2="7">
      <subfield code="r">преусмерено2007</subfield>
      <subfield code="v">a</subfield>
      <subfield code="w">c</subfield>
      <subfield code="3">RSD 350,00</subfield>
      <subfield code="8">32ПОЛ01\420070422</subfield>
      <subfield code="6">411631</subfield>
    </datafield>
    <datafield tag="996" ind1=" " ind2="7">
      <subfield code="r">преусмерено2007</subfield>
      <subfield code="v">a</subfield>
      <subfield code="w">c</subfield>
      <subfield code="3">RSD 350,00</subfield>
      <subfield code="8">32ИТА12\420070422</subfield>
      <subfield code="6">411632</subfield>
    </datafield>
    <datafield tag="996" ind1=" " ind2="7">
      <subfield code="r">преусмерено2007</subfield>
      <subfield code="v">a</subfield>
      <subfield code="w">c</subfield>
      <subfield code="3">RSD 350,00</subfield>
      <subfield code="8">32ПОЛ07\420070422</subfield>
      <subfield code="6">411633</subfield>
    </datafield>
    <datafield tag="996" ind1=" " ind2="7">
      <subfield code="r">преусмерено2007</subfield>
      <subfield code="v">a</subfield>
      <subfield code="w">c</subfield>
      <subfield code="3">RSD 350,00</subfield>
      <subfield code="8">32ФРА03\420070422</subfield>
      <subfield code="6">411634</subfield>
    </datafield>
    <datafield tag="996" ind1=" " ind2="7">
      <subfield code="r">преусмерено2007</subfield>
      <subfield code="v">a</subfield>
      <subfield code="w">c</subfield>
      <subfield code="3">RSD 350,00</subfield>
      <subfield code="8">32ПОЛ08\420070422</subfield>
      <subfield code="6">411635</subfield>
    </datafield>
    <datafield tag="996" ind1=" " ind2="7">
      <subfield code="r">преусмерено2007</subfield>
      <subfield code="v">a</subfield>
      <subfield code="w">c</subfield>
      <subfield code="3">RSD 350,00</subfield>
      <subfield code="8">32ПОЛ02\420070522</subfield>
      <subfield code="6">411636</subfield>
    </datafield>
    <datafield tag="996" ind1=" " ind2="7">
      <subfield code="r">преусмерено2007</subfield>
      <subfield code="v">a</subfield>
      <subfield code="w">b</subfield>
      <subfield code="3">RSD 350,00</subfield>
      <subfield code="3">GBP 14,00</subfield>
      <subfield code="8">31ГБР03\420070525</subfield>
      <subfield code="6">411637</subfield>
    </datafield>
    <datafield tag="996" ind1=" " ind2="7">
      <subfield code="r">преусмерено2007</subfield>
      <subfield code="v">a</subfield>
      <subfield code="w">c</subfield>
      <subfield code="3">RSD 350,00</subfield>
      <subfield code="8">32СВН01\420070622</subfield>
      <subfield code="6">411638</subfield>
    </datafield>
    <datafield tag="996" ind1=" " ind2="7">
      <subfield code="r">преусмерено2007</subfield>
      <subfield code="v">a</subfield>
      <subfield code="w">c</subfield>
      <subfield code="3">RSD 350,00</subfield>
      <subfield code="8">32БЛР01\420071022</subfield>
      <subfield code="6">411639</subfield>
    </datafield>
    <datafield tag="996" ind1=" " ind2="7">
      <subfield code="r">преусмерено2007</subfield>
      <subfield code="v">c</subfield>
      <subfield code="w">c</subfield>
      <subfield code="8">32РОМ03\420071022</subfield>
      <subfield code="6">411640</subfield>
    </datafield>
    <datafield tag="996" ind1=" " ind2="8">
      <subfield code="r">преусмерено2011</subfield>
      <subfield code="v">c</subfield>
      <subfield code="w">b</subfield>
      <subfield code="3">RSD 00,00</subfield>
      <subfield code="3">USD 23,00</subfield>
      <subfield code="8">31УСА11\420110301</subfield>
      <subfield code="6">411641</subfield>
    </datafield>
    <datafield tag="996" ind1=" " ind2="8">
      <subfield code="r">преусмерено2011</subfield>
      <subfield code="v">c</subfield>
      <subfield code="w">b</subfield>
      <subfield code="3">RSD 00,00</subfield>
      <subfield code="3">EUR 18,00</subfield>
      <subfield code="8">31ПОЛ12\420110919</subfield>
      <subfield code="6">411642</subfield>
    </datafield>
    <datafield tag="996" ind1=" " ind2="7">
      <subfield code="q">5</subfield>
      <subfield code="t">20131213</subfield>
      <subfield code="v">c</subfield>
      <subfield code="w">b</subfield>
      <subfield code="3">EUR 18,00</subfield>
      <subfield code="8">31POL13\420131213</subfield>
      <subfield code="6">1459203</subfield>
    </datafield>
    <datafield tag="996" ind1=" " ind2="7">
      <subfield code="q">5</subfield>
      <subfield code="t">20151221</subfield>
      <subfield code="v">c</subfield>
      <subfield code="w">c</subfield>
      <subfield code="8">32BGR01\420141023</subfield>
      <subfield code="6">1537580</subfield>
    </datafield>
    <datafield tag="996" ind1=" " ind2="7">
      <subfield code="q">5</subfield>
      <subfield code="t">20160129</subfield>
      <subfield code="v">c</subfield>
      <subfield code="w">b</subfield>
      <subfield code="3">EUR 20,00</subfield>
      <subfield code="8">31SWE01\420160129</subfield>
      <subfield code="6">1646974</subfield>
    </datafield>
    <datafield tag="996" ind1=" " ind2="7">
      <subfield code="q">5</subfield>
      <subfield code="t">20160301</subfield>
      <subfield code="v">c</subfield>
      <subfield code="w">c</subfield>
      <subfield code="8">32DEU19\420160301</subfield>
      <subfield code="6">1654309</subfield>
    </datafield>
  </record>