
  <record>
    <datafield tag="000" ind1=" " ind2=" ">
      <subfield code="a">00101</subfield>
      <subfield code="b">1996070120160129</subfield>
      <subfield code="c">NBS::R-GORDANA</subfield>
      <subfield code="d">NBS::MARINAS</subfield>
      <subfield code="e">only</subfield>
      <subfield code="f">0</subfield>
      <subfield code="g">0000212202</subfield>
      <subfield code="o">20160129</subfield>
      <subfield code="p">NBS::MARINAS</subfield>
      <subfield code="x">47721740</subfield>
    </datafield>
	<datafield tag="856">
		<subfield code="u">http://www.digitalna.nb.rs/wb/NBS/Tematske_kolekcije/procvat_pismenosti/sabrana_dela_vuka_karadzica/II_146423_25</subfield>
	</datafield>
    <datafield tag="001" ind1=" " ind2=" ">
      <subfield code="a">c</subfield>
      <subfield code="b">a</subfield>
      <subfield code="c">m</subfield>
      <subfield code="d">0</subfield>
      <subfield code="7">vv</subfield>
    </datafield>
    <datafield tag="010" ind1=" " ind2=" ">
      <subfield code="a">86-07-00038-1</subfield>
    </datafield>
    <datafield tag="010" ind1=" " ind2=" ">
      <subfield code="a">86-07-00266-X</subfield>
    </datafield>
    <datafield tag="100" ind1=" " ind2=" ">
      <subfield code="c">1993</subfield>
      <subfield code="h">srp</subfield>
      <subfield code="i">b1</subfield>
      <subfield code="l">cb</subfield>
    </datafield>
    <datafield tag="101" ind1="0" ind2=" ">
      <subfield code="a">srp</subfield>
    </datafield>
    <datafield tag="102" ind1=" " ind2=" ">
      <subfield code="a">srb</subfield>
      <subfield code="b">cs</subfield>
    </datafield>
    <datafield tag="105" ind1=" " ind2=" ">
      <subfield code="a">y</subfield>
      <subfield code="f">z</subfield>
    </datafield>
    <datafield tag="200" ind1="0" ind2=" ">
      <subfield code="a">Преписка</subfield>
      <subfield code="h">6</subfield>
      <subfield code="i">1837-1842.</subfield>
      <subfield code="f">Вук Стеф. Караџић</subfield>
      <subfield code="g">приредио Голуб Добрашиновић са сарадницима</subfield>
    </datafield>
    <datafield tag="210" ind1=" " ind2=" ">
      <subfield code="a">Београд</subfield>
      <subfield code="c">Просвета</subfield>
      <subfield code="d">1993</subfield>
      <subfield code="e">Београд</subfield>
      <subfield code="g">БИГЗ</subfield>
    </datafield>
    <datafield tag="215" ind1=" " ind2=" ">
      <subfield code="a">978 стр.</subfield>
      <subfield code="d">24 цм</subfield>
    </datafield>
    <datafield tag="225" ind1="2" ind2=" ">
      <subfield code="a">Сабрана дела Вука Караџића</subfield>
      <subfield code="v">књ. 25</subfield>
    </datafield>
    <datafield tag="300" ind1="1" ind2=" ">
      <subfield code="a">"Издање о стогодишњици смрти Вука Стефановића Караџића, 1864-1964. и двестагодишњици његова рођења, 1787-1987" , прелим. стр.</subfield>
    </datafield>
    <datafield tag="300" ind1="1" ind2=" ">
      <subfield code="a">Подаци о аутору преузети са кор</subfield>
    </datafield>
    <datafield tag="300" ind1="1" ind2=" ">
      <subfield code="a">Тираж 2000.</subfield>
    </datafield>
    <datafield tag="600" ind1="0" ind2="1">
      <subfield code="a">Караџић</subfield>
      <subfield code="b">Вук Стефановић</subfield>
      <subfield code="f">1787-1864</subfield>
      <subfield code="w">Преписка</subfield>
    </datafield>
    <datafield tag="675" ind1=" " ind2=" ">
      <subfield code="a">886.1-6</subfield>
      <subfield code="c">фик</subfield>
    </datafield>
    <datafield tag="700" ind1=" " ind2="1">
      <subfield code="a">Караџић</subfield>
      <subfield code="b">Вук Стефановић</subfield>
      <subfield code="4">070</subfield>
    </datafield>
    <datafield tag="702" ind1="0" ind2="1">
      <subfield code="a">Добрашиновић</subfield>
      <subfield code="b">Голуб</subfield>
      <subfield code="4">902</subfield>
    </datafield>
    <datafield tag="992" ind1=" " ind2=" ">
      <subfield code="b">9607м030,сц41,9704м030,сц97x10,сц97x26,сц97x29,сц97x34,рс97x46,9706и005,п97 9709x29,пм97x7,пд97x53,9708нд056,9710КНД047,9710Ц065,сц97x130,сц98x73,0206д ц022 пц02x5,ИД128020999,рс03x34,сц04x128,сц04x158,фрони,сц08x98,сц09x115,kbstok3,rs16x04,</subfield>
    </datafield>
    <datafield tag="996" ind1="0" ind2="7">
      <subfield code="d">lМАГ\f2\n146423\s25</subfield>
      <subfield code="f">299702060</subfield>
      <subfield code="o">19970626</subfield>
      <subfield code="v">c</subfield>
      <subfield code="w">a</subfield>
      <subfield code="2">Razmena NBS</subfield>
      <subfield code="p">4</subfield>
      <subfield code="6">354942</subfield>
    </datafield>
    <datafield tag="996" ind1="0" ind2="7">
      <subfield code="d">lМАГ\f2\n146423\s25\dм</subfield>
      <subfield code="f">299702059</subfield>
      <subfield code="o">19970626</subfield>
      <subfield code="v">c</subfield>
      <subfield code="w">a</subfield>
      <subfield code="2">Razmena NBS</subfield>
      <subfield code="p">7</subfield>
      <subfield code="6">354943</subfield>
    </datafield>
    <datafield tag="996" ind1="0" ind2="7">
      <subfield code="d">lМАГ\f2\n146423\s25\dд</subfield>
      <subfield code="f">299603315</subfield>
      <subfield code="o">19970731</subfield>
      <subfield code="v">c</subfield>
      <subfield code="w">a</subfield>
      <subfield code="2">Razmena NBS</subfield>
      <subfield code="p">4</subfield>
      <subfield code="6">354944</subfield>
    </datafield>
    <datafield tag="996" ind1=" " ind2="7">
      <subfield code="d">lМАГ\f2\n146423\s25\dц</subfield>
      <subfield code="f">200202827</subfield>
      <subfield code="o">20020617</subfield>
      <subfield code="v">c</subfield>
      <subfield code="w">a</subfield>
      <subfield code="r">преусмерено из размене</subfield>
      <subfield code="p">4</subfield>
      <subfield code="6">354945</subfield>
    </datafield>
    <datafield tag="996" ind1="2" ind2="7">
      <subfield code="v">a</subfield>
      <subfield code="w">c</subfield>
      <subfield code="8">32ФРА02\419960722</subfield>
      <subfield code="r">преусмерено1996</subfield>
      <subfield code="6">354946</subfield>
    </datafield>
    <datafield tag="996" ind1="2" ind2="7">
      <subfield code="v">a</subfield>
      <subfield code="w">c</subfield>
      <subfield code="8">32ЕСП01\419970430</subfield>
      <subfield code="r">преусмерено1997</subfield>
      <subfield code="6">354947</subfield>
    </datafield>
    <datafield tag="996" ind1="2" ind2="7">
      <subfield code="v">c</subfield>
      <subfield code="w">c</subfield>
      <subfield code="8">32ПОЛ04\419970522</subfield>
      <subfield code="r">преусмерено1997</subfield>
      <subfield code="6">354948</subfield>
    </datafield>
    <datafield tag="996" ind1="2" ind2="7">
      <subfield code="v">b</subfield>
      <subfield code="w">c</subfield>
      <subfield code="8">32ФИН01\419970522</subfield>
      <subfield code="r">преусмерено1997</subfield>
      <subfield code="6">354949</subfield>
    </datafield>
    <datafield tag="996" ind1="2" ind2="7">
      <subfield code="v">c</subfield>
      <subfield code="w">c</subfield>
      <subfield code="8">32ДЕУ12\419970620</subfield>
      <subfield code="r">преусмерено1997</subfield>
      <subfield code="6">354950</subfield>
    </datafield>
    <datafield tag="996" ind1="2" ind2="7">
      <subfield code="v">a</subfield>
      <subfield code="w">b</subfield>
      <subfield code="3">RSD 150,00</subfield>
      <subfield code="3">DEM 40,00</subfield>
      <subfield code="8">31ПОЛ03\419970626</subfield>
      <subfield code="r">преусмерено1997</subfield>
      <subfield code="6">354951</subfield>
    </datafield>
    <datafield tag="996" ind1="2" ind2="7">
      <subfield code="v">a</subfield>
      <subfield code="w">c</subfield>
      <subfield code="8">32ГБР01\419971015</subfield>
      <subfield code="r">преусмерено1997</subfield>
      <subfield code="6">354952</subfield>
    </datafield>
    <datafield tag="996" ind1="2" ind2="7">
      <subfield code="v">a</subfield>
      <subfield code="w">c</subfield>
      <subfield code="8">32ПОЛ06\419980424</subfield>
      <subfield code="r">преусмерено1998</subfield>
      <subfield code="6">354953</subfield>
    </datafield>
    <datafield tag="996" ind1=" " ind2="7">
      <subfield code="v">c</subfield>
      <subfield code="w">b</subfield>
      <subfield code="3">RSD 00,00</subfield>
      <subfield code="3">EUR 10,00</subfield>
      <subfield code="8">31ДЕУ11\420030404</subfield>
      <subfield code="r">преусмерено2003</subfield>
      <subfield code="6">354954</subfield>
    </datafield>
    <datafield tag="996" ind1=" " ind2="7">
      <subfield code="v">c</subfield>
      <subfield code="w">c</subfield>
      <subfield code="8">32ДЕУ04\420020520</subfield>
      <subfield code="r">преусмерено2002</subfield>
      <subfield code="6">354955</subfield>
    </datafield>
    <datafield tag="996" ind1=" " ind2="7">
      <subfield code="v">c</subfield>
      <subfield code="w">c</subfield>
      <subfield code="8">32ИТА06\420020520</subfield>
      <subfield code="r">преусмерено2002</subfield>
      <subfield code="6">354956</subfield>
    </datafield>
    <datafield tag="996" ind1=" " ind2="7">
      <subfield code="v">c</subfield>
      <subfield code="w">c</subfield>
      <subfield code="8">32ХУН01\420020520</subfield>
      <subfield code="r">преусмерено2002</subfield>
      <subfield code="6">354957</subfield>
    </datafield>
    <datafield tag="996" ind1=" " ind2="7">
      <subfield code="v">c</subfield>
      <subfield code="w">c</subfield>
      <subfield code="8">32ИТА08\420020520</subfield>
      <subfield code="r">преусмерено2002</subfield>
      <subfield code="6">354958</subfield>
    </datafield>
    <datafield tag="996" ind1=" " ind2="7">
      <subfield code="v">c</subfield>
      <subfield code="w">c</subfield>
      <subfield code="8">32ИТА02\420020520</subfield>
      <subfield code="r">преусмерено2002</subfield>
      <subfield code="6">354959</subfield>
    </datafield>
    <datafield tag="996" ind1=" " ind2="7">
      <subfield code="v">c</subfield>
      <subfield code="w">c</subfield>
      <subfield code="8">32КОР01\420020520</subfield>
      <subfield code="r">преусмерено2002</subfield>
      <subfield code="6">354960</subfield>
    </datafield>
    <datafield tag="996" ind1=" " ind2="7">
      <subfield code="v">c</subfield>
      <subfield code="w">c</subfield>
      <subfield code="8">32ЛТУ01\420020520</subfield>
      <subfield code="r">преусмерено2002</subfield>
      <subfield code="6">354961</subfield>
    </datafield>
    <datafield tag="996" ind1=" " ind2="7">
      <subfield code="v">c</subfield>
      <subfield code="w">c</subfield>
      <subfield code="8">32ЦХН01\420020520</subfield>
      <subfield code="r">преусмерено2002</subfield>
      <subfield code="6">354962</subfield>
    </datafield>
    <datafield tag="996" ind1=" " ind2="7">
      <subfield code="v">c</subfield>
      <subfield code="w">c</subfield>
      <subfield code="8">32ИТА12\420040820</subfield>
      <subfield code="r">преусмерено2004</subfield>
      <subfield code="6">354963</subfield>
    </datafield>
    <datafield tag="996" ind1=" " ind2="7">
      <subfield code="v">a</subfield>
      <subfield code="w">c</subfield>
      <subfield code="3">RSD 400,00</subfield>
      <subfield code="8">32ИТА13\420041022</subfield>
      <subfield code="r">преусмерено2004</subfield>
      <subfield code="6">354964</subfield>
    </datafield>
    <datafield tag="996" ind1=" " ind2="8">
      <subfield code="v">c</subfield>
      <subfield code="w">c</subfield>
      <subfield code="8">32ИТА07\420081122</subfield>
      <subfield code="r">преусмерено2008</subfield>
      <subfield code="6">354965</subfield>
    </datafield>
    <datafield tag="996" ind1=" " ind2="8">
      <subfield code="v">c</subfield>
      <subfield code="w">c</subfield>
      <subfield code="8">32ПОЛ08\420091216</subfield>
      <subfield code="r">преусмерено2009</subfield>
      <subfield code="6">354966</subfield>
    </datafield>
    <datafield tag="996" ind1=" " ind2="7">
      <subfield code="q">5</subfield>
      <subfield code="t">20160129</subfield>
      <subfield code="v">c</subfield>
      <subfield code="w">b</subfield>
      <subfield code="3">EUR 20,00</subfield>
      <subfield code="8">31СWЕ01\420160129</subfield>
      <subfield code="6">1647020</subfield>
    </datafield>
  </record>