
  <record>
    <datafield tag="000" ind1=" " ind2=" ">
      <subfield code="a">0015</subfield>
      <subfield code="b">2002042320160301</subfield>
      <subfield code="c">BMSNS::DRAGICA</subfield>
      <subfield code="d">NBS::BOSAG</subfield>
      <subfield code="e" />
      <subfield code="f">20120906</subfield>
      <subfield code="g">0000892983</subfield>
      <subfield code="h">NBS::IRENAB</subfield>
      <subfield code="i">20120906</subfield>
      <subfield code="o">20160301</subfield>
      <subfield code="p">NBS::BOSAG</subfield>
      <subfield code="x">177867527</subfield>
    </datafield>
	<datafield tag="856">
		<subfield code="u">http://www.digitalna.nb.rs/wb/NBS/Tematske_kolekcije/procvat_pismenosti/sabrana_dela_vuka_karadzica/II_146423_15</subfield>
	</datafield>
    <datafield tag="001" ind1=" " ind2=" ">
      <subfield code="a">n</subfield>
      <subfield code="b">a</subfield>
      <subfield code="c">m</subfield>
      <subfield code="d">0</subfield>
      <subfield code="7">vv</subfield>
      <subfield code="t">2.25</subfield>
    </datafield>
    <datafield tag="010" ind1=" " ind2=" ">
      <subfield code="b">Пл.</subfield>
    </datafield>
    <datafield tag="100" ind1=" " ind2=" ">
      <subfield code="c">1969</subfield>
      <subfield code="h">srp</subfield>
      <subfield code="i">b1</subfield>
      <subfield code="l">cb</subfield>
      <subfield code="g">1</subfield>
    </datafield>
    <datafield tag="101" ind1="0" ind2=" ">
      <subfield code="a">srp</subfield>
    </datafield>
    <datafield tag="102" ind1=" " ind2=" ">
      <subfield code="a">srb</subfield>
      <subfield code="b">cs</subfield>
    </datafield>
    <datafield tag="105" ind1=" " ind2=" ">
      <subfield code="a">a</subfield>
      <subfield code="a">f</subfield>
      <subfield code="e">1</subfield>
    </datafield>
    <datafield tag="200" ind1="0" ind2=" ">
      <subfield code="a">Историјски списи</subfield>
      <subfield code="h">1</subfield>
      <subfield code="f">Вук Стеф. Караџић</subfield>
      <subfield code="g">приредио Радован Самарџић</subfield>
    </datafield>
    <datafield tag="210" ind1=" " ind2=" ">
      <subfield code="a">Београд</subfield>
      <subfield code="c">Просвета</subfield>
      <subfield code="d">1969</subfield>
      <subfield code="e">Београд</subfield>
      <subfield code="g">Београдски графички завод</subfield>
    </datafield>
    <datafield tag="215" ind1=" " ind2=" ">
      <subfield code="a">542 стр., 1 лист с ауторовом сликом</subfield>
      <subfield code="c">илустр.</subfield>
      <subfield code="d">22 cm</subfield>
    </datafield>
    <datafield tag="225" ind1="1" ind2=" ">
      <subfield code="a">Сабрана дела Вука Караџића</subfield>
      <subfield code="v">књ. 15</subfield>
    </datafield>
    <datafield tag="300" ind1="0" ind2=" ">
      <subfield code="a">"Издање о стогодишњици смрти Вука Стефановића Караџића 1864-1964" , стр. 3</subfield>
    </datafield>
    <datafield tag="300" ind1="0" ind2=" ">
      <subfield code="a">Податак о аутору преузет са корица</subfield>
    </datafield>
    <datafield tag="300" ind1="0" ind2=" ">
      <subfield code="a">Белешка о овој књизи: стр. 505-506</subfield>
    </datafield>
    <datafield tag="320" ind1="0" ind2=" ">
      <subfield code="a">Напомене и објашњења: стр. 243-497</subfield>
    </datafield>
    <datafield tag="320" ind1="0" ind2=" ">
      <subfield code="a">Регистри.</subfield>
    </datafield>
    <datafield tag="606" ind1="3" ind2=" ">
      <subfield code="a">Познате личности</subfield>
      <subfield code="y">Србија</subfield>
      <subfield code="z">19в</subfield>
      <subfield code="w">Биографије</subfield>
    </datafield>
    <datafield tag="607" ind1="3" ind2=" ">
      <subfield code="a">Србија</subfield>
      <subfield code="x">Историја</subfield>
      <subfield code="z">19в</subfield>
      <subfield code="w">Историјски извори</subfield>
    </datafield>
    <datafield tag="675" ind1=" " ind2=" ">
      <subfield code="a">94(497.11)"18"(093)</subfield>
      <subfield code="c">94(497.11)</subfield>
      <subfield code="b">94(497.11)</subfield>
    </datafield>
    <datafield tag="675" ind1=" " ind2=" ">
      <subfield code="a">929(497.11)"18"</subfield>
      <subfield code="c">929</subfield>
    </datafield>
    <datafield tag="700" ind1=" " ind2="1">
      <subfield code="a">Караџић</subfield>
      <subfield code="b">Вук Стефановић</subfield>
      <subfield code="4">070</subfield>
    </datafield>
    <datafield tag="702" ind1="1" ind2="1">
      <subfield code="a">Самарџић</subfield>
      <subfield code="b">Радован</subfield>
      <subfield code="4">340</subfield>
    </datafield>
    <datafield tag="992" ind1=" " ind2=" ">
      <subfield code="b">1209лкх055,1209рд055,1209мп055,kbstok3,rs16x04,sc16x17,</subfield>
    </datafield>
    <datafield tag="996" ind1=" " ind2="7">
      <subfield code="d">lМАГ\f2\n146423\s15</subfield>
      <subfield code="f">397001868</subfield>
      <subfield code="p">4</subfield>
      <subfield code="6">1565063</subfield>
    </datafield>
    <datafield tag="996" ind1=" " ind2="7">
      <subfield code="d">lМАГ\f2\n146423\s15\dд</subfield>
      <subfield code="f">397300059</subfield>
      <subfield code="o">20120906</subfield>
      <subfield code="p">4</subfield>
      <subfield code="v">a</subfield>
      <subfield code="6">1341862</subfield>
    </datafield>
    <datafield tag="996" ind1=" " ind2="7">
      <subfield code="d">lЗЂ\n377</subfield>
      <subfield code="f">600805394</subfield>
      <subfield code="o">20081128</subfield>
      <subfield code="p">4</subfield>
      <subfield code="6">411738</subfield>
    </datafield>
    <datafield tag="996" ind1="2" ind2="7">
      <subfield code="r">преусмерено1997</subfield>
      <subfield code="v">a</subfield>
      <subfield code="w">c</subfield>
      <subfield code="8">32ПОЛ04\419970620</subfield>
      <subfield code="6">411720</subfield>
    </datafield>
    <datafield tag="996" ind1="2" ind2="7">
      <subfield code="r">преусмерено1997</subfield>
      <subfield code="v">a</subfield>
      <subfield code="w">c</subfield>
      <subfield code="8">32ЛТУ01\419970620</subfield>
      <subfield code="6">411721</subfield>
    </datafield>
    <datafield tag="996" ind1="2" ind2="7">
      <subfield code="r">преусмерено1997</subfield>
      <subfield code="v">a</subfield>
      <subfield code="w">c</subfield>
      <subfield code="8">32ЕСП01\419970620</subfield>
      <subfield code="6">411722</subfield>
    </datafield>
    <datafield tag="996" ind1="2" ind2="7">
      <subfield code="r">преусмерено1997</subfield>
      <subfield code="v">a</subfield>
      <subfield code="w">c</subfield>
      <subfield code="8">32КОР01\419970620</subfield>
      <subfield code="6">411723</subfield>
    </datafield>
    <datafield tag="996" ind1="2" ind2="7">
      <subfield code="r">преусмерено1997</subfield>
      <subfield code="v">a</subfield>
      <subfield code="w">c</subfield>
      <subfield code="8">32ДЕУ12\419971015</subfield>
      <subfield code="6">411724</subfield>
    </datafield>
    <datafield tag="996" ind1="2" ind2="7">
      <subfield code="r">преусмерено2004</subfield>
      <subfield code="v">a</subfield>
      <subfield code="w">c</subfield>
      <subfield code="3">RSD 300,00</subfield>
      <subfield code="8">32ИТА13\420041022</subfield>
      <subfield code="6">411725</subfield>
    </datafield>
    <datafield tag="996" ind1="2" ind2="7">
      <subfield code="r">преусмерено2004</subfield>
      <subfield code="v">a</subfield>
      <subfield code="w">c</subfield>
      <subfield code="3">RSD 300,00</subfield>
      <subfield code="8">32ИТА12\420041122</subfield>
      <subfield code="6">411726</subfield>
    </datafield>
    <datafield tag="996" ind1=" " ind2="7">
      <subfield code="r">преусмерено2007</subfield>
      <subfield code="v">c</subfield>
      <subfield code="w">c</subfield>
      <subfield code="8">32ПОЛ02\420070322</subfield>
      <subfield code="6">411727</subfield>
    </datafield>
    <datafield tag="996" ind1=" " ind2="7">
      <subfield code="r">преусмерено2007</subfield>
      <subfield code="v">a</subfield>
      <subfield code="w">b</subfield>
      <subfield code="3">RSD 350,00</subfield>
      <subfield code="3">EUR 12,00</subfield>
      <subfield code="8">31БИХ02\420070322</subfield>
      <subfield code="6">411728</subfield>
    </datafield>
    <datafield tag="996" ind1=" " ind2="7">
      <subfield code="r">преусмерено2007</subfield>
      <subfield code="v">a</subfield>
      <subfield code="w">c</subfield>
      <subfield code="3">RSD 350,00</subfield>
      <subfield code="8">32ЦЗЕ02\420070422</subfield>
      <subfield code="6">411729</subfield>
    </datafield>
    <datafield tag="996" ind1=" " ind2="7">
      <subfield code="r">преусмерено2007</subfield>
      <subfield code="v">a</subfield>
      <subfield code="w">c</subfield>
      <subfield code="3">RSD 350,00</subfield>
      <subfield code="8">32ПОЛ05\420070422</subfield>
      <subfield code="6">411730</subfield>
    </datafield>
    <datafield tag="996" ind1=" " ind2="7">
      <subfield code="r">преусмерено2007</subfield>
      <subfield code="v">a</subfield>
      <subfield code="w">c</subfield>
      <subfield code="3">RSD 350,00</subfield>
      <subfield code="8">32РУС03\420070422</subfield>
      <subfield code="6">411731</subfield>
    </datafield>
    <datafield tag="996" ind1=" " ind2="7">
      <subfield code="r">преусмерено2007</subfield>
      <subfield code="v">a</subfield>
      <subfield code="w">c</subfield>
      <subfield code="3">RSD 350,00</subfield>
      <subfield code="8">32ПОЛ01\420070422</subfield>
      <subfield code="6">411732</subfield>
    </datafield>
    <datafield tag="996" ind1=" " ind2="7">
      <subfield code="r">преусмерено2007</subfield>
      <subfield code="v">a</subfield>
      <subfield code="w">c</subfield>
      <subfield code="3">RSD 350,00</subfield>
      <subfield code="8">32ПОЛ07\420070422</subfield>
      <subfield code="6">411733</subfield>
    </datafield>
    <datafield tag="996" ind1=" " ind2="7">
      <subfield code="r">преусмерено2007</subfield>
      <subfield code="v">a</subfield>
      <subfield code="w">c</subfield>
      <subfield code="3">RSD 350,00</subfield>
      <subfield code="8">32ФРА03\420070422</subfield>
      <subfield code="6">411734</subfield>
    </datafield>
    <datafield tag="996" ind1=" " ind2="7">
      <subfield code="r">преусмерено2007</subfield>
      <subfield code="v">a</subfield>
      <subfield code="w">c</subfield>
      <subfield code="3">RSD 350,00</subfield>
      <subfield code="8">32ПОЛ08\420070422</subfield>
      <subfield code="6">411735</subfield>
    </datafield>
    <datafield tag="996" ind1=" " ind2="7">
      <subfield code="r">преусмерено2007</subfield>
      <subfield code="v">a</subfield>
      <subfield code="w">c</subfield>
      <subfield code="3">RSD 350,00</subfield>
      <subfield code="8">32СВН01\420070622</subfield>
      <subfield code="6">411736</subfield>
    </datafield>
    <datafield tag="996" ind1=" " ind2="7">
      <subfield code="r">преусмерено2007</subfield>
      <subfield code="v">a</subfield>
      <subfield code="w">c</subfield>
      <subfield code="3">RSD 350,00</subfield>
      <subfield code="8">32БЛР01\420071022</subfield>
      <subfield code="6">411737</subfield>
    </datafield>
    <datafield tag="996" ind1=" " ind2="8">
      <subfield code="r">преусмерено2011</subfield>
      <subfield code="v">c</subfield>
      <subfield code="w">b</subfield>
      <subfield code="3">RSD 00,00</subfield>
      <subfield code="3">EUR 10,00</subfield>
      <subfield code="8">31ПОЛ12\420110222</subfield>
      <subfield code="6">411739</subfield>
    </datafield>
    <datafield tag="996" ind1=" " ind2="8">
      <subfield code="v">c</subfield>
      <subfield code="w">b</subfield>
      <subfield code="3">RSD 00,00</subfield>
      <subfield code="3">EUR 14,00</subfield>
      <subfield code="8">31ПОЛ13\420111010</subfield>
      <subfield code="6">411740</subfield>
    </datafield>
    <datafield tag="996" ind1=" " ind2="7">
      <subfield code="q">5</subfield>
      <subfield code="t">20120823</subfield>
      <subfield code="v">c</subfield>
      <subfield code="w">c</subfield>
      <subfield code="8">32РОМ03\420120823</subfield>
      <subfield code="6">1339444</subfield>
    </datafield>
    <datafield tag="996" ind1=" " ind2="7">
      <subfield code="q">5</subfield>
      <subfield code="t">20160129</subfield>
      <subfield code="v">c</subfield>
      <subfield code="w">b</subfield>
      <subfield code="3">EUR 18,00</subfield>
      <subfield code="8">31СWЕ01\420160129</subfield>
      <subfield code="6">1646949</subfield>
    </datafield>
    <datafield tag="996" ind1=" " ind2="7">
      <subfield code="q">5</subfield>
      <subfield code="t">20160301</subfield>
      <subfield code="v">c</subfield>
      <subfield code="w">c</subfield>
      <subfield code="8">32ДЕУ19\420160301</subfield>
      <subfield code="6">1654268</subfield>
    </datafield>
  </record>