
  <record>
    <datafield tag="000" ind1=" " ind2=" ">
      <subfield code="a">00101</subfield>
      <subfield code="b">1996041820160301</subfield>
      <subfield code="c">NBS::R-GORDANA</subfield>
      <subfield code="d">NBS::BOSAG</subfield>
      <subfield code="e">only</subfield>
      <subfield code="f">0</subfield>
      <subfield code="g">0000206466</subfield>
      <subfield code="o">20160301</subfield>
      <subfield code="p">NBS::BOSAG</subfield>
      <subfield code="x">46253324</subfield>
    </datafield>
	<datafield tag="856">
		<subfield code="u">http://www.digitalna.nb.rs/wb/NBS/Tematske_kolekcije/procvat_pismenosti/sabrana_dela_vuka_karadzica/II_146423_12</subfield>
	</datafield>
    <datafield tag="001" ind1=" " ind2=" ">
      <subfield code="a">c</subfield>
      <subfield code="b">a</subfield>
      <subfield code="c">m</subfield>
      <subfield code="d">0</subfield>
      <subfield code="7">vv</subfield>
    </datafield>
    <datafield tag="100" ind1=" " ind2=" ">
      <subfield code="c">1968</subfield>
      <subfield code="h">srp</subfield>
      <subfield code="i">b1</subfield>
      <subfield code="l">cb</subfield>
    </datafield>
    <datafield tag="101" ind1="0" ind2=" ">
      <subfield code="a">srp</subfield>
    </datafield>
    <datafield tag="102" ind1=" " ind2=" ">
      <subfield code="a">srb</subfield>
      <subfield code="b">cs</subfield>
    </datafield>
    <datafield tag="105" ind1=" " ind2=" ">
      <subfield code="a">h</subfield>
    </datafield>
    <datafield tag="200" ind1="1" ind2=" ">
      <subfield code="a">О језику и књижевности</subfield>
      <subfield code="e">1</subfield>
      <subfield code="f">Вук Стеф. Караџић</subfield>
      <subfield code="g">приредио Берислав Николић</subfield>
    </datafield>
    <datafield tag="210" ind1=" " ind2=" ">
      <subfield code="a">Београд</subfield>
      <subfield code="c">Просвета</subfield>
      <subfield code="d">1968</subfield>
      <subfield code="e">Београд</subfield>
      <subfield code="g">БИГЗ</subfield>
    </datafield>
    <datafield tag="215" ind1=" " ind2=" ">
      <subfield code="a">442 стр., 1 лист са сликом В. С. Караџића</subfield>
      <subfield code="c">факс.</subfield>
      <subfield code="d">22 цм</subfield>
    </datafield>
    <datafield tag="225" ind1="2" ind2=" ">
      <subfield code="a">Сабрана дела Вука Караџића</subfield>
      <subfield code="v">књ. 12</subfield>
    </datafield>
    <datafield tag="300" ind1="1" ind2=" ">
      <subfield code="a">Податак о аутору преузет са кор.</subfield>
    </datafield>
    <datafield tag="300" ind1="1" ind2=" ">
      <subfield code="a">Ћир. и лат.</subfield>
    </datafield>
    <datafield tag="300" ind1="1" ind2=" ">
      <subfield code="a">Издање о стогодишњици смрти Вука стефановића Караџића : 1864-1964</subfield>
    </datafield>
    <datafield tag="300" ind1="1" ind2=" ">
      <subfield code="a">Стр. 389-391: Белешка о овом издању / Б.Берислав М. Н.Николић</subfield>
    </datafield>
    <datafield tag="320" ind1=" " ind2=" ">
      <subfield code="a">Регистар.</subfield>
    </datafield>
    <datafield tag="675" ind1=" " ind2=" ">
      <subfield code="c">001</subfield>
    </datafield>
    <datafield tag="700" ind1=" " ind2="1">
      <subfield code="a">Караџић</subfield>
      <subfield code="b">Вук Стефановић</subfield>
    </datafield>
    <datafield tag="702" ind1="0" ind2="1">
      <subfield code="a">Николић</subfield>
      <subfield code="b">Берислав</subfield>
      <subfield code="4">902</subfield>
      <subfield code="4">911</subfield>
    </datafield>
    <datafield tag="992" ind1=" " ind2=" ">
      <subfield code="b">9604м030,сц3,9607м030,сц78,сц97x44,сц97x49,сц97x97,0104x058,ИД102810887, сц04x158,сц04x180,рс07x136,сц07x41,сц07x42,сц07x43,сц07x44,сц07x49,сц07x51, сц07x54,рс07x44,рс08x258,сц09x103,сц10x08,фрони2,рс11x22,рс13x92,рс13x261, сц14x67,sc15x21,sc16x17,</subfield>
    </datafield>
    <datafield tag="996" ind1="2" ind2="7">
      <subfield code="v">a</subfield>
      <subfield code="w">c</subfield>
      <subfield code="8">32ЛТУ01\419960430</subfield>
      <subfield code="r">преусмерено1996</subfield>
      <subfield code="6">345270</subfield>
    </datafield>
    <datafield tag="996" ind1="0" ind2="7">
      <subfield code="d">lМАГ\f2\n146423\s12</subfield>
      <subfield code="f">196902794</subfield>
      <subfield code="p">4</subfield>
      <subfield code="6">345271</subfield>
    </datafield>
    <datafield tag="996" ind1="0" ind2="7">
      <subfield code="d">lМАГ\f2\n146423\dд</subfield>
      <subfield code="f">396902190</subfield>
      <subfield code="p">4</subfield>
      <subfield code="6">345272</subfield>
    </datafield>
    <datafield tag="996" ind1="2" ind2="7">
      <subfield code="v">a</subfield>
      <subfield code="w">c</subfield>
      <subfield code="8">32КОР01\419960722</subfield>
      <subfield code="r">преусмерено1996</subfield>
      <subfield code="6">345273</subfield>
    </datafield>
    <datafield tag="996" ind1="2" ind2="7">
      <subfield code="v">a</subfield>
      <subfield code="w">c</subfield>
      <subfield code="8">32ПОЛ04\419970620</subfield>
      <subfield code="r">преусмерено1997</subfield>
      <subfield code="6">345274</subfield>
    </datafield>
    <datafield tag="996" ind1="2" ind2="7">
      <subfield code="v">a</subfield>
      <subfield code="w">c</subfield>
      <subfield code="8">32ЕСП01\419970620</subfield>
      <subfield code="r">преусмерено1997</subfield>
      <subfield code="6">345275</subfield>
    </datafield>
    <datafield tag="996" ind1="2" ind2="7">
      <subfield code="v">a</subfield>
      <subfield code="w">c</subfield>
      <subfield code="8">32ДЕУ12\419971015</subfield>
      <subfield code="r">преусмерено1997</subfield>
      <subfield code="6">345276</subfield>
    </datafield>
    <datafield tag="996" ind1="2" ind2="7">
      <subfield code="v">a</subfield>
      <subfield code="w">c</subfield>
      <subfield code="3">RSD 350,00</subfield>
      <subfield code="8">32ИТА13\420041022</subfield>
      <subfield code="r">преусмерено2004</subfield>
      <subfield code="6">345277</subfield>
    </datafield>
    <datafield tag="996" ind1="2" ind2="7">
      <subfield code="v">a</subfield>
      <subfield code="w">c</subfield>
      <subfield code="3">RSD 350,00</subfield>
      <subfield code="8">32ИТА12\420041122</subfield>
      <subfield code="r">преусмерено2004</subfield>
      <subfield code="6">345278</subfield>
    </datafield>
    <datafield tag="996" ind1=" " ind2="7">
      <subfield code="v">a</subfield>
      <subfield code="w">b</subfield>
      <subfield code="3">RSD 350,00</subfield>
      <subfield code="3">EUR 14,00</subfield>
      <subfield code="8">31БИХ02\420070322</subfield>
      <subfield code="r">преусмерено2007</subfield>
      <subfield code="6">345279</subfield>
    </datafield>
    <datafield tag="996" ind1=" " ind2="7">
      <subfield code="v">a</subfield>
      <subfield code="w">c</subfield>
      <subfield code="3">RSD 350,00</subfield>
      <subfield code="8">32ЦЗЕ02\420070422</subfield>
      <subfield code="r">преусмерено2007</subfield>
      <subfield code="6">345280</subfield>
    </datafield>
    <datafield tag="996" ind1=" " ind2="7">
      <subfield code="v">c</subfield>
      <subfield code="w">c</subfield>
      <subfield code="8">32ПОЛ05\420070422</subfield>
      <subfield code="r">преусмерено2007</subfield>
      <subfield code="6">345281</subfield>
    </datafield>
    <datafield tag="996" ind1=" " ind2="7">
      <subfield code="v">a</subfield>
      <subfield code="w">c</subfield>
      <subfield code="3">RSD 350,00</subfield>
      <subfield code="8">32РУС03\420070422</subfield>
      <subfield code="r">преусмерено2007</subfield>
      <subfield code="6">345282</subfield>
    </datafield>
    <datafield tag="996" ind1=" " ind2="7">
      <subfield code="v">a</subfield>
      <subfield code="w">c</subfield>
      <subfield code="3">RSD 350,00</subfield>
      <subfield code="8">32ПОЛ01\420070422</subfield>
      <subfield code="r">преусмерено2007</subfield>
      <subfield code="6">345283</subfield>
    </datafield>
    <datafield tag="996" ind1=" " ind2="7">
      <subfield code="v">a</subfield>
      <subfield code="w">c</subfield>
      <subfield code="3">RSD 350,00</subfield>
      <subfield code="8">32ФРА03\420070422</subfield>
      <subfield code="r">преусмерено2007</subfield>
      <subfield code="6">345284</subfield>
    </datafield>
    <datafield tag="996" ind1=" " ind2="7">
      <subfield code="v">a</subfield>
      <subfield code="w">c</subfield>
      <subfield code="3">RSD 350,00</subfield>
      <subfield code="8">32ПОЛ08\420070422</subfield>
      <subfield code="r">преусмерено2007</subfield>
      <subfield code="6">345285</subfield>
    </datafield>
    <datafield tag="996" ind1=" " ind2="7">
      <subfield code="v">a</subfield>
      <subfield code="w">c</subfield>
      <subfield code="3">RSD 350,00</subfield>
      <subfield code="8">32ПОЛ02\420070522</subfield>
      <subfield code="r">преусмерено2007</subfield>
      <subfield code="6">345286</subfield>
    </datafield>
    <datafield tag="996" ind1=" " ind2="7">
      <subfield code="v">a</subfield>
      <subfield code="w">b</subfield>
      <subfield code="3">RSD 350,00</subfield>
      <subfield code="3">GBP 11,00</subfield>
      <subfield code="8">31ГБР03\420070525</subfield>
      <subfield code="r">преусмерено2007</subfield>
      <subfield code="6">345287</subfield>
    </datafield>
    <datafield tag="996" ind1=" " ind2="8">
      <subfield code="v">c</subfield>
      <subfield code="w">b</subfield>
      <subfield code="3">RSD 00,00</subfield>
      <subfield code="3">EUR 14,00</subfield>
      <subfield code="8">31БЛР01\420080512</subfield>
      <subfield code="r">преусмерено2008</subfield>
      <subfield code="6">345288</subfield>
    </datafield>
    <datafield tag="996" ind1=" " ind2="8">
      <subfield code="v">a</subfield>
      <subfield code="w">c</subfield>
      <subfield code="3">RSD 350,00</subfield>
      <subfield code="8">32РОМ03\420091122</subfield>
      <subfield code="r">преусмерено2009</subfield>
      <subfield code="6">345289</subfield>
    </datafield>
    <datafield tag="996" ind1=" " ind2="8">
      <subfield code="v">a</subfield>
      <subfield code="w">c</subfield>
      <subfield code="3">RSD 350,00</subfield>
      <subfield code="8">32ДЕУ04\420100201</subfield>
      <subfield code="r">преусмерено2010</subfield>
      <subfield code="6">345290</subfield>
    </datafield>
    <datafield tag="996" ind1=" " ind2="8">
      <subfield code="v">c</subfield>
      <subfield code="w">b</subfield>
      <subfield code="3">RSD 00,00</subfield>
      <subfield code="3">USD 16,00</subfield>
      <subfield code="8">31УСА11\420110301</subfield>
      <subfield code="r">преусмерено2011</subfield>
      <subfield code="6">345291</subfield>
    </datafield>
    <datafield tag="996" ind1=" " ind2="7">
      <subfield code="q">5</subfield>
      <subfield code="t">20131213</subfield>
      <subfield code="v">c</subfield>
      <subfield code="w">b</subfield>
      <subfield code="3">EUR 14,00</subfield>
      <subfield code="8">31ПОЛ13\420131213</subfield>
      <subfield code="6">1459401</subfield>
    </datafield>
    <datafield tag="996" ind1=" " ind2="7">
      <subfield code="q">5</subfield>
      <subfield code="t">20131216</subfield>
      <subfield code="v">c</subfield>
      <subfield code="w">b</subfield>
      <subfield code="3">EUR 14,00</subfield>
      <subfield code="8">31ПОЛ12\420131216</subfield>
      <subfield code="6">1460183</subfield>
    </datafield>
    <datafield tag="996" ind1=" " ind2="7">
      <subfield code="q">+</subfield>
      <subfield code="t">20140926</subfield>
      <subfield code="v">c</subfield>
      <subfield code="w">c</subfield>
      <subfield code="8">32ИТА15\420140926</subfield>
      <subfield code="6">1531065</subfield>
    </datafield>
    <datafield tag="996" ind1=" " ind2="7">
      <subfield code="q">+</subfield>
      <subfield code="t">20150406</subfield>
      <subfield code="v">c</subfield>
      <subfield code="w">c</subfield>
      <subfield code="8">32ХРВ01\420150406</subfield>
      <subfield code="6">1574029</subfield>
    </datafield>
    <datafield tag="996" ind1=" " ind2="7">
      <subfield code="q">5</subfield>
      <subfield code="t">20160301</subfield>
      <subfield code="v">c</subfield>
      <subfield code="w">c</subfield>
      <subfield code="8">32ДЕУ19\420160301</subfield>
      <subfield code="6">1654270</subfield>
    </datafield>
  </record>