
  <record>
    <datafield tag="000" ind1=" " ind2=" ">
      <subfield code="a">0017</subfield>
      <subfield code="b">1996092320150626</subfield>
      <subfield code="c">NBS::R-GORDANA</subfield>
      <subfield code="d">NBS::BOSAG</subfield>
      <subfield code="e" />
      <subfield code="f">0</subfield>
      <subfield code="g">0000217143</subfield>
      <subfield code="o">20150626</subfield>
      <subfield code="p">NBS::BOSAG</subfield>
      <subfield code="x">48986636</subfield>
    </datafield>
	<datafield tag="856">
		<subfield code="u">http://www.digitalna.nb.rs/wb/NBS/Tematske_kolekcije/procvat_pismenosti/sabrana_dela_vuka_karadzica/II_146423_19</subfield>
	</datafield>
    <datafield tag="001" ind1=" " ind2=" ">
      <subfield code="a">n</subfield>
      <subfield code="b">a</subfield>
      <subfield code="c">m</subfield>
      <subfield code="d">0</subfield>
      <subfield code="7">vv</subfield>
    </datafield>
    <datafield tag="010" ind1=" " ind2=" ">
      <subfield code="b">Pl.</subfield>
    </datafield>
    <datafield tag="100" ind1=" " ind2=" ">
      <subfield code="c">1971</subfield>
      <subfield code="h">srp</subfield>
      <subfield code="i">b1</subfield>
      <subfield code="l">ba</subfield>
    </datafield>
    <datafield tag="101" ind1="0" ind2=" ">
      <subfield code="a">ger</subfield>
      <subfield code="a">srp</subfield>
    </datafield>
    <datafield tag="102" ind1=" " ind2=" ">
      <subfield code="a">srb</subfield>
      <subfield code="b">cs</subfield>
    </datafield>
    <datafield tag="105" ind1=" " ind2=" ">
      <subfield code="b">e</subfield>
      <subfield code="a">h</subfield>
      <subfield code="a">a</subfield>
      <subfield code="e">1</subfield>
    </datafield>
    <datafield tag="200" ind1="0" ind2=" ">
      <subfield code="a">Deutsch-serbisches Wörterbuch</subfield>
      <subfield code="f">Vuk Stefanović Karadžić</subfield>
      <subfield code="g">priredio Ivan Pudić</subfield>
    </datafield>
    <datafield tag="210" ind1=" " ind2=" ">
      <subfield code="a">Beograd</subfield>
      <subfield code="c">Prosveta</subfield>
      <subfield code="d">1971</subfield>
      <subfield code="e">Beograd</subfield>
      <subfield code="g">BIGZ</subfield>
    </datafield>
    <datafield tag="215" ind1=" " ind2=" ">
      <subfield code="a">458 str., 1 list s autorovom slikom</subfield>
      <subfield code="c">faks.</subfield>
      <subfield code="d">22 cm</subfield>
    </datafield>
    <datafield tag="225" ind1="1" ind2=" ">
      <subfield code="a">Sabrana dela Vuka Karadžića</subfield>
      <subfield code="h">knj. 19</subfield>
    </datafield>
    <datafield tag="300" ind1="0" ind2=" ">
      <subfield code="a">Podatak o autoru preuzet sa korica</subfield>
    </datafield>
    <datafield tag="300" ind1="0" ind2=" ">
      <subfield code="a">"Izdanje o stogodišnjici smrti Vuka Stefanovića Karadžića 1864-1964" , prelim. str.</subfield>
    </datafield>
    <datafield tag="300" ind1="0" ind2=" ">
      <subfield code="a">Tekst srp. i got.</subfield>
    </datafield>
    <datafield tag="300" ind1="0" ind2=" ">
      <subfield code="a">Str. 329-421: Nemačko-srpski rečnik Vuka Stef. Karadžića / Ivan Pudić</subfield>
    </datafield>
    <datafield tag="300" ind1="0" ind2=" ">
      <subfield code="a">Prevod Miklošićevog Predgovora: str. 427-428</subfield>
    </datafield>
    <datafield tag="320" ind1="0" ind2=" ">
      <subfield code="a">Bibliografija: str. 423</subfield>
    </datafield>
    <datafield tag="320" ind1="0" ind2=" ">
      <subfield code="a">Registar.</subfield>
    </datafield>
    <datafield tag="600" ind1="1" ind2="1">
      <subfield code="a">Караџић</subfield>
      <subfield code="b">Вук Стефановић</subfield>
      <subfield code="f">1787-1864</subfield>
    </datafield>
    <datafield tag="675" ind1=" " ind2=" ">
      <subfield code="a">811.112.2'374=163.41</subfield>
      <subfield code="c">811.112.2</subfield>
    </datafield>
    <datafield tag="675" ind1=" " ind2=" ">
      <subfield code="a">81'374.822=112.2=163.41</subfield>
      <subfield code="c">81'374</subfield>
    </datafield>
    <datafield tag="675" ind1=" " ind2=" ">
      <subfield code="a">811.163.41:929 Karadžić V. S.</subfield>
      <subfield code="c">929</subfield>
    </datafield>
    <datafield tag="700" ind1=" " ind2="1">
      <subfield code="a">Karadžić</subfield>
      <subfield code="b">Vuk Stefanović</subfield>
      <subfield code="f">1787-1864</subfield>
      <subfield code="4">070</subfield>
    </datafield>
    <datafield tag="702" ind1="0" ind2="1">
      <subfield code="a">Pudić</subfield>
      <subfield code="b">Ivan</subfield>
      <subfield code="4">340</subfield>
      <subfield code="4">080</subfield>
    </datafield>
    <datafield tag="992" ind1=" " ind2=" ">
      <subfield code="b">9609m030,sc81,sc97x44,sc97x48,sc97x49,sc97x50,sc97x97,vdf,rs07x136,sc07x41, sc07x42,sc07x43,sc07x45,sc07x46,sc07x49,sc07x51,sc07x54,rs07x46,sc07x69, sc07x78,sc07x82,sc07x106,sc09x103,rs09x271,sc10x75,1110lk012,1111d005,p11pr5, 1111kx051,old,froni6,rs15x127,sc15x37,</subfield>
    </datafield>
    <datafield tag="996" ind1=" " ind2="7">
      <subfield code="d">lМАГ\f2\n146423\s19</subfield>
      <subfield code="p">4</subfield>
      <subfield code="6">363919</subfield>
    </datafield>
    <datafield tag="996" ind1=" " ind2="8">
      <subfield code="d">lИ\n4375</subfield>
      <subfield code="f">201104635</subfield>
      <subfield code="o">20111117</subfield>
      <subfield code="v">c</subfield>
      <subfield code="p">4</subfield>
      <subfield code="r">преусмерено из размене</subfield>
      <subfield code="t">20111117</subfield>
      <subfield code="6">363920</subfield>
    </datafield>
    <datafield tag="996" ind1="2" ind2="7">
      <subfield code="v">a</subfield>
      <subfield code="w">c</subfield>
      <subfield code="8">32ИТА08\419960920</subfield>
      <subfield code="r">преусмерено1996</subfield>
      <subfield code="6">363921</subfield>
    </datafield>
    <datafield tag="996" ind1="2" ind2="7">
      <subfield code="v">a</subfield>
      <subfield code="w">c</subfield>
      <subfield code="8">32ПОЛ04\419970620</subfield>
      <subfield code="r">преусмерено1997</subfield>
      <subfield code="6">363922</subfield>
    </datafield>
    <datafield tag="996" ind1="2" ind2="7">
      <subfield code="v">a</subfield>
      <subfield code="w">c</subfield>
      <subfield code="8">32ЛТУ01\419970620</subfield>
      <subfield code="r">преусмерено1997</subfield>
      <subfield code="6">363923</subfield>
    </datafield>
    <datafield tag="996" ind1="2" ind2="7">
      <subfield code="v">a</subfield>
      <subfield code="w">c</subfield>
      <subfield code="8">32ЕСП01\419970620</subfield>
      <subfield code="r">преусмерено1997</subfield>
      <subfield code="6">363924</subfield>
    </datafield>
    <datafield tag="996" ind1="2" ind2="7">
      <subfield code="v">a</subfield>
      <subfield code="w">c</subfield>
      <subfield code="8">32КОР01\419970620</subfield>
      <subfield code="r">преусмерено1997</subfield>
      <subfield code="6">363925</subfield>
    </datafield>
    <datafield tag="996" ind1="2" ind2="7">
      <subfield code="v">a</subfield>
      <subfield code="w">c</subfield>
      <subfield code="8">32ДЕУ12\419971015</subfield>
      <subfield code="r">преусмерено1997</subfield>
      <subfield code="6">363926</subfield>
    </datafield>
    <datafield tag="996" ind1=" " ind2="7">
      <subfield code="v">a</subfield>
      <subfield code="w">b</subfield>
      <subfield code="3">RSD 350,00</subfield>
      <subfield code="3">EUR 12,00</subfield>
      <subfield code="8">31БИХ02\420070322</subfield>
      <subfield code="r">преусмерено2007</subfield>
      <subfield code="6">363927</subfield>
    </datafield>
    <datafield tag="996" ind1=" " ind2="7">
      <subfield code="v">a</subfield>
      <subfield code="w">c</subfield>
      <subfield code="3">RSD 350,00</subfield>
      <subfield code="8">32ЦЗЕ02\420070422</subfield>
      <subfield code="r">преусмерено2007</subfield>
      <subfield code="6">363928</subfield>
    </datafield>
    <datafield tag="996" ind1=" " ind2="7">
      <subfield code="v">a</subfield>
      <subfield code="w">c</subfield>
      <subfield code="3">RSD 350,00</subfield>
      <subfield code="8">32ПОЛ05\420070422</subfield>
      <subfield code="r">преусмерено2007</subfield>
      <subfield code="6">363929</subfield>
    </datafield>
    <datafield tag="996" ind1=" " ind2="7">
      <subfield code="v">a</subfield>
      <subfield code="w">c</subfield>
      <subfield code="3">RSD 350,00</subfield>
      <subfield code="8">32РУС03\420070422</subfield>
      <subfield code="r">преусмерено2007</subfield>
      <subfield code="6">363930</subfield>
    </datafield>
    <datafield tag="996" ind1=" " ind2="7">
      <subfield code="v">a</subfield>
      <subfield code="w">c</subfield>
      <subfield code="3">RSD 350,00</subfield>
      <subfield code="8">32ИТА12\420070422</subfield>
      <subfield code="r">преусмерено2007</subfield>
      <subfield code="6">363931</subfield>
    </datafield>
    <datafield tag="996" ind1=" " ind2="7">
      <subfield code="v">a</subfield>
      <subfield code="w">c</subfield>
      <subfield code="3">RSD 350,00</subfield>
      <subfield code="8">32ПОЛ07\420070422</subfield>
      <subfield code="r">преусмерено2007</subfield>
      <subfield code="6">363932</subfield>
    </datafield>
    <datafield tag="996" ind1=" " ind2="7">
      <subfield code="v">a</subfield>
      <subfield code="w">c</subfield>
      <subfield code="3">RSD 350,00</subfield>
      <subfield code="8">32ФРА03\420070422</subfield>
      <subfield code="r">преусмерено2007</subfield>
      <subfield code="6">363933</subfield>
    </datafield>
    <datafield tag="996" ind1=" " ind2="7">
      <subfield code="v">a</subfield>
      <subfield code="w">c</subfield>
      <subfield code="3">RSD 350,00</subfield>
      <subfield code="8">32ПОЛ08\420070422</subfield>
      <subfield code="r">преусмерено2007</subfield>
      <subfield code="6">363934</subfield>
    </datafield>
    <datafield tag="996" ind1=" " ind2="7">
      <subfield code="v">a</subfield>
      <subfield code="w">c</subfield>
      <subfield code="3">RSD 350,00</subfield>
      <subfield code="8">32ПОЛ02\420070522</subfield>
      <subfield code="r">преусмерено2007</subfield>
      <subfield code="6">363935</subfield>
    </datafield>
    <datafield tag="996" ind1=" " ind2="7">
      <subfield code="v">a</subfield>
      <subfield code="w">b</subfield>
      <subfield code="3">RSD 350,00</subfield>
      <subfield code="3">EUR 10,00</subfield>
      <subfield code="8">31ФРА04\420070525</subfield>
      <subfield code="r">преусмерено2007</subfield>
      <subfield code="6">363936</subfield>
    </datafield>
    <datafield tag="996" ind1=" " ind2="7">
      <subfield code="v">a</subfield>
      <subfield code="w">c</subfield>
      <subfield code="3">RSD 350,00</subfield>
      <subfield code="8">32СВН01\420070722</subfield>
      <subfield code="r">преусмерено2007</subfield>
      <subfield code="6">363937</subfield>
    </datafield>
    <datafield tag="996" ind1=" " ind2="7">
      <subfield code="v">a</subfield>
      <subfield code="w">c</subfield>
      <subfield code="3">RSD 350,00</subfield>
      <subfield code="8">32ДЕУ19\420070622</subfield>
      <subfield code="r">преусмерено2007</subfield>
      <subfield code="6">363938</subfield>
    </datafield>
    <datafield tag="996" ind1=" " ind2="7">
      <subfield code="v">a</subfield>
      <subfield code="w">c</subfield>
      <subfield code="3">RSD 350,00</subfield>
      <subfield code="8">32ДЕУ15\420070722</subfield>
      <subfield code="r">преусмерено2007</subfield>
      <subfield code="6">363939</subfield>
    </datafield>
    <datafield tag="996" ind1=" " ind2="7">
      <subfield code="v">c</subfield>
      <subfield code="w">c</subfield>
      <subfield code="8">32АУТ01\420071022</subfield>
      <subfield code="r">преусмерено2007</subfield>
      <subfield code="6">363940</subfield>
    </datafield>
    <datafield tag="996" ind1=" " ind2="8">
      <subfield code="v">a</subfield>
      <subfield code="w">c</subfield>
      <subfield code="3">RSD 350,00</subfield>
      <subfield code="8">32РОМ03\420091122</subfield>
      <subfield code="r">преусмерено2009</subfield>
      <subfield code="6">363941</subfield>
    </datafield>
    <datafield tag="996" ind1=" " ind2="8">
      <subfield code="v">a</subfield>
      <subfield code="w">b</subfield>
      <subfield code="3">RSD 350,00</subfield>
      <subfield code="3">EUR 10,00</subfield>
      <subfield code="8">31БЛР01\420091214</subfield>
      <subfield code="r">преусмерено2009</subfield>
      <subfield code="6">363942</subfield>
    </datafield>
    <datafield tag="996" ind1=" " ind2="8">
      <subfield code="v">a</subfield>
      <subfield code="w">c</subfield>
      <subfield code="3">RSD 350,00</subfield>
      <subfield code="8">32ДЕУ06\420101018</subfield>
      <subfield code="r">преусмерено2010</subfield>
      <subfield code="6">363943</subfield>
    </datafield>
    <datafield tag="996" ind1=" " ind2="7">
      <subfield code="q">+</subfield>
      <subfield code="t">20150310</subfield>
      <subfield code="v">c</subfield>
      <subfield code="w">b</subfield>
      <subfield code="3">EUR 8,00</subfield>
      <subfield code="8">31ЦЗЕ11\420150310</subfield>
      <subfield code="6">1567007</subfield>
    </datafield>
    <datafield tag="996" ind1=" " ind2="7">
      <subfield code="q">+</subfield>
      <subfield code="t">20150626</subfield>
      <subfield code="v">c</subfield>
      <subfield code="w">c</subfield>
      <subfield code="8">32ДЕУ05\420150626</subfield>
      <subfield code="6">1592184</subfield>
    </datafield>
  </record>