
  <record>
    <datafield tag="000" ind1=" " ind2=" ">
      <subfield code="a">00101</subfield>
      <subfield code="b">1994052320170615</subfield>
      <subfield code="c">NBS::MAJA</subfield>
      <subfield code="d">NBS::BOSAG</subfield>
      <subfield code="e">only</subfield>
      <subfield code="f">0</subfield>
      <subfield code="g">0000132192</subfield>
      <subfield code="o">20170615</subfield>
      <subfield code="p">NBS::BOSAG</subfield>
      <subfield code="x">27239180</subfield>
    </datafield>
	<datafield tag="856">
		<subfield code="u">http://www.digitalna.nb.rs/wb/NBS/Tematske_kolekcije/procvat_pismenosti/sabrana_dela_vuka_karadzica/II_146423_27</subfield>
	</datafield>
    <datafield tag="001" ind1=" " ind2=" ">
      <subfield code="a">c</subfield>
      <subfield code="b">a</subfield>
      <subfield code="c">m</subfield>
      <subfield code="d">0</subfield>
      <subfield code="7">vv</subfield>
    </datafield>
    <datafield tag="010" ind1=" " ind2=" ">
      <subfield code="a">86-07-00776-9</subfield>
    </datafield>
    <datafield tag="010" ind1=" " ind2=" ">
      <subfield code="a">86-07-00268-6</subfield>
    </datafield>
    <datafield tag="100" ind1=" " ind2=" ">
      <subfield code="c">1994</subfield>
      <subfield code="h">srp</subfield>
      <subfield code="i">b1</subfield>
      <subfield code="l">cb</subfield>
    </datafield>
    <datafield tag="101" ind1="0" ind2=" ">
      <subfield code="a">srp</subfield>
    </datafield>
    <datafield tag="102" ind1=" " ind2=" ">
      <subfield code="a">srb</subfield>
      <subfield code="b">cs</subfield>
    </datafield>
    <datafield tag="105" ind1=" " ind2=" ">
      <subfield code="a">y</subfield>
      <subfield code="f">e</subfield>
    </datafield>
    <datafield tag="200" ind1="0" ind2=" ">
      <subfield code="a">Преписка</subfield>
      <subfield code="h">8</subfield>
      <subfield code="i">1848-1850.</subfield>
      <subfield code="f">Вук Стефановић Караџић</subfield>
      <subfield code="g">приредио Голуб Добрашиновић са сарадницима</subfield>
    </datafield>
    <datafield tag="210" ind1=" " ind2=" ">
      <subfield code="a">Београд</subfield>
      <subfield code="c">Просвета</subfield>
      <subfield code="d">1994</subfield>
      <subfield code="e">Београд</subfield>
      <subfield code="g">БИГЗ</subfield>
    </datafield>
    <datafield tag="215" ind1=" " ind2=" ">
      <subfield code="a">843 стр.</subfield>
      <subfield code="d">21 цм</subfield>
    </datafield>
    <datafield tag="225" ind1="2" ind2=" ">
      <subfield code="a">Сабрана дела Вука Караџића</subfield>
      <subfield code="v">књ. 27</subfield>
    </datafield>
    <datafield tag="300" ind1="1" ind2=" ">
      <subfield code="a">Кор. насл.</subfield>
    </datafield>
    <datafield tag="300" ind1="1" ind2=" ">
      <subfield code="a">Тираж 3000.</subfield>
    </datafield>
    <datafield tag="600" ind1="0" ind2="0">
      <subfield code="a">Караџић</subfield>
      <subfield code="b">Вук Стефановић</subfield>
      <subfield code="f">1787-1864</subfield>
      <subfield code="w">Преписка</subfield>
    </datafield>
    <datafield tag="675" ind1=" " ind2=" ">
      <subfield code="a">886.1/.2-6</subfield>
      <subfield code="c">фик</subfield>
    </datafield>
    <datafield tag="700" ind1=" " ind2="1">
      <subfield code="a">Караџић</subfield>
      <subfield code="b">Вук Стефановић</subfield>
      <subfield code="4">070</subfield>
    </datafield>
    <datafield tag="702" ind1="0" ind2="1">
      <subfield code="a">Добрашиновић</subfield>
      <subfield code="b">Голуб</subfield>
      <subfield code="4">902</subfield>
    </datafield>
    <datafield tag="992" ind1=" " ind2=" ">
      <subfield code="b">9405п049,9405п078,9411нд049,9411пц078,9604м030,сц6,сц97x44,сц97x47,рс97x46, сц97x49,сц97x55,сц98x73,сц98x131,рс99x62,РОБ99,0301д022,пд03x3,ИД82404103, рс03x34,сц03x58,рс03x56,сц03x80,сц03x81,сц03x117,сц03x128,сц04x128,сц04x158,kbstok3,rs16x04,froni8,sc17x61,</subfield>
    </datafield>
    <datafield tag="996" ind1="0" ind2="7">
      <subfield code="d">lМАГ\f2\n146423\s27</subfield>
      <subfield code="f">199404516</subfield>
      <subfield code="p">4</subfield>
      <subfield code="6">228476</subfield>
    </datafield>
    <datafield tag="996" ind1=" " ind2="7">
      <subfield code="d">lМАГ\f2\n146423\s27\dд</subfield>
      <subfield code="f">200300090</subfield>
      <subfield code="o">20030124</subfield>
      <subfield code="v">c</subfield>
      <subfield code="w">a</subfield>
      <subfield code="r">обавезни-п</subfield>
      <subfield code="p">4</subfield>
      <subfield code="6">228477</subfield>
    </datafield>
    <datafield tag="996" ind1="2" ind2="7">
      <subfield code="v">a</subfield>
      <subfield code="w">c</subfield>
      <subfield code="8">32ФРА02\419960430</subfield>
      <subfield code="r">преусмерено1996</subfield>
      <subfield code="6">228478</subfield>
    </datafield>
    <datafield tag="996" ind1="2" ind2="7">
      <subfield code="v">a</subfield>
      <subfield code="w">c</subfield>
      <subfield code="8">32ПОЛ04\419970620</subfield>
      <subfield code="r">преусмерено1997</subfield>
      <subfield code="6">228479</subfield>
    </datafield>
    <datafield tag="996" ind1="2" ind2="7">
      <subfield code="v">a</subfield>
      <subfield code="w">c</subfield>
      <subfield code="8">32ФИН01\419970620</subfield>
      <subfield code="r">преусмерено1997</subfield>
      <subfield code="6">228480</subfield>
    </datafield>
    <datafield tag="996" ind1="2" ind2="7">
      <subfield code="v">a</subfield>
      <subfield code="w">b</subfield>
      <subfield code="3">RSD 150,00</subfield>
      <subfield code="3">DEM 40,00</subfield>
      <subfield code="8">31ПОЛ03\419970626</subfield>
      <subfield code="r">преусмерено1997</subfield>
      <subfield code="6">228481</subfield>
    </datafield>
    <datafield tag="996" ind1="2" ind2="7">
      <subfield code="v">a</subfield>
      <subfield code="w">c</subfield>
      <subfield code="8">32ЕСП01\419970620</subfield>
      <subfield code="r">преусмерено1997</subfield>
      <subfield code="6">228482</subfield>
    </datafield>
    <datafield tag="996" ind1="2" ind2="7">
      <subfield code="v">a</subfield>
      <subfield code="w">c</subfield>
      <subfield code="8">32ДЕУ12\419970620</subfield>
      <subfield code="r">преусмерено1997</subfield>
      <subfield code="6">228483</subfield>
    </datafield>
    <datafield tag="996" ind1="2" ind2="7">
      <subfield code="v">a</subfield>
      <subfield code="w">c</subfield>
      <subfield code="8">32ПОЛ06\419980424</subfield>
      <subfield code="r">преусмерено1998</subfield>
      <subfield code="6">228484</subfield>
    </datafield>
    <datafield tag="996" ind1="2" ind2="7">
      <subfield code="v">a</subfield>
      <subfield code="w">c</subfield>
      <subfield code="8">32ГБР01\419980730</subfield>
      <subfield code="r">преусмерено1998</subfield>
      <subfield code="6">228485</subfield>
    </datafield>
    <datafield tag="996" ind1="2" ind2="7">
      <subfield code="v">d</subfield>
      <subfield code="w">b</subfield>
      <subfield code="3">RSD 0,00</subfield>
      <subfield code="3">DEM 13,00</subfield>
      <subfield code="8">31МКД07\419990622</subfield>
      <subfield code="r">преусмерено1999</subfield>
      <subfield code="6">228486</subfield>
    </datafield>
    <datafield tag="996" ind1=" " ind2="7">
      <subfield code="v">c</subfield>
      <subfield code="w">b</subfield>
      <subfield code="3">RSD 00,00</subfield>
      <subfield code="3">EUR 10,00</subfield>
      <subfield code="8">31ДЕУ11\420030404</subfield>
      <subfield code="r">преусмерено2003</subfield>
      <subfield code="6">228487</subfield>
    </datafield>
    <datafield tag="996" ind1=" " ind2="7">
      <subfield code="v">c</subfield>
      <subfield code="w">c</subfield>
      <subfield code="8">32ПОЛ07\420030520</subfield>
      <subfield code="r">преусмерено2003</subfield>
      <subfield code="6">228488</subfield>
    </datafield>
    <datafield tag="996" ind1=" " ind2="7">
      <subfield code="v">c</subfield>
      <subfield code="w">c</subfield>
      <subfield code="8">32УСА03\420030520</subfield>
      <subfield code="r">преусмерено2003</subfield>
      <subfield code="6">228489</subfield>
    </datafield>
    <datafield tag="996" ind1=" " ind2="7">
      <subfield code="v">c</subfield>
      <subfield code="w">c</subfield>
      <subfield code="8">32ДЕУ04\420030520</subfield>
      <subfield code="r">преусмерено2003</subfield>
      <subfield code="6">228490</subfield>
    </datafield>
    <datafield tag="996" ind1=" " ind2="7">
      <subfield code="v">c</subfield>
      <subfield code="w">c</subfield>
      <subfield code="8">32ИТА06\420030520</subfield>
      <subfield code="r">преусмерено2003</subfield>
      <subfield code="6">228491</subfield>
    </datafield>
    <datafield tag="996" ind1=" " ind2="7">
      <subfield code="v">c</subfield>
      <subfield code="w">c</subfield>
      <subfield code="8">32ХУН01\420030520</subfield>
      <subfield code="r">преусмерено2003</subfield>
      <subfield code="6">228492</subfield>
    </datafield>
    <datafield tag="996" ind1=" " ind2="7">
      <subfield code="v">c</subfield>
      <subfield code="w">c</subfield>
      <subfield code="8">32ИТА08\420030520</subfield>
      <subfield code="r">преусмерено2003</subfield>
      <subfield code="6">228493</subfield>
    </datafield>
    <datafield tag="996" ind1=" " ind2="7">
      <subfield code="v">c</subfield>
      <subfield code="w">c</subfield>
      <subfield code="8">32ИТА02\420030520</subfield>
      <subfield code="r">преусмерено2003</subfield>
      <subfield code="6">228494</subfield>
    </datafield>
    <datafield tag="996" ind1=" " ind2="7">
      <subfield code="v">c</subfield>
      <subfield code="w">c</subfield>
      <subfield code="8">32ФРА05\420030520</subfield>
      <subfield code="r">преусмерено2003</subfield>
      <subfield code="6">228495</subfield>
    </datafield>
    <datafield tag="996" ind1=" " ind2="7">
      <subfield code="v">c</subfield>
      <subfield code="w">c</subfield>
      <subfield code="8">32КОР01\420030520</subfield>
      <subfield code="r">преусмерено2003</subfield>
      <subfield code="6">228496</subfield>
    </datafield>
    <datafield tag="996" ind1=" " ind2="7">
      <subfield code="v">c</subfield>
      <subfield code="w">c</subfield>
      <subfield code="8">32ЛТУ01\420030520</subfield>
      <subfield code="r">преусмерено2003</subfield>
      <subfield code="6">228497</subfield>
    </datafield>
    <datafield tag="996" ind1=" " ind2="7">
      <subfield code="v">c</subfield>
      <subfield code="w">c</subfield>
      <subfield code="8">32ЦХН01\420030520</subfield>
      <subfield code="r">преусмерено2003</subfield>
      <subfield code="6">228498</subfield>
    </datafield>
    <datafield tag="996" ind1=" " ind2="7">
      <subfield code="v">c</subfield>
      <subfield code="w">c</subfield>
      <subfield code="8">32СВК01\420030520</subfield>
      <subfield code="r">преусмерено2003</subfield>
      <subfield code="6">228499</subfield>
    </datafield>
    <datafield tag="996" ind1=" " ind2="7">
      <subfield code="v">c</subfield>
      <subfield code="w">c</subfield>
      <subfield code="8">32ДЕУ19\420030620</subfield>
      <subfield code="r">преусмерено2003</subfield>
      <subfield code="6">228500</subfield>
    </datafield>
    <datafield tag="996" ind1=" " ind2="7">
      <subfield code="v">a</subfield>
      <subfield code="w">b</subfield>
      <subfield code="3">RSD 200,00</subfield>
      <subfield code="3">GBP 12,00</subfield>
      <subfield code="8">31ГБР03\420030606</subfield>
      <subfield code="r">преусмерено2003</subfield>
      <subfield code="6">228501</subfield>
    </datafield>
    <datafield tag="996" ind1=" " ind2="7">
      <subfield code="v">a</subfield>
      <subfield code="w">c</subfield>
      <subfield code="3">RSD 200,00</subfield>
      <subfield code="8">32РОМ01\420030722</subfield>
      <subfield code="r">преусмерено2003</subfield>
      <subfield code="6">228502</subfield>
    </datafield>
    <datafield tag="996" ind1=" " ind2="7">
      <subfield code="v">a</subfield>
      <subfield code="w">c</subfield>
      <subfield code="3">RSD 200,00</subfield>
      <subfield code="8">32ИТА07\420030722</subfield>
      <subfield code="r">преусмерено2003</subfield>
      <subfield code="6">228503</subfield>
    </datafield>
    <datafield tag="996" ind1=" " ind2="7">
      <subfield code="v">a</subfield>
      <subfield code="w">c</subfield>
      <subfield code="3">RSD 200,00</subfield>
      <subfield code="8">32ДЕУ01\420030922</subfield>
      <subfield code="r">преусмерено2003</subfield>
      <subfield code="6">228504</subfield>
    </datafield>
    <datafield tag="996" ind1=" " ind2="7">
      <subfield code="v">a</subfield>
      <subfield code="w">c</subfield>
      <subfield code="3">RSD 400,00</subfield>
      <subfield code="8">32ИТА11\420030922</subfield>
      <subfield code="r">преусмерено2003</subfield>
      <subfield code="6">228505</subfield>
    </datafield>
    <datafield tag="996" ind1=" " ind2="7">
      <subfield code="v">a</subfield>
      <subfield code="w">c</subfield>
      <subfield code="3">RSD 400,00</subfield>
      <subfield code="8">32ИТА12\420040820</subfield>
      <subfield code="r">преусмерено2004</subfield>
      <subfield code="6">228506</subfield>
    </datafield>
    <datafield tag="996" ind1=" " ind2="7">
      <subfield code="v">a</subfield>
      <subfield code="w">c</subfield>
      <subfield code="3">RSD 100,00</subfield>
      <subfield code="8">32ИТА13\420041022</subfield>
      <subfield code="r">преусмерено2004</subfield>
      <subfield code="6">228507</subfield>
    </datafield>
    <datafield tag="996" ind1=" " ind2="7">
      <subfield code="q">5</subfield>
      <subfield code="t">20160129</subfield>
      <subfield code="v">c</subfield>
      <subfield code="w">b</subfield>
      <subfield code="3">EUR 20,00</subfield>
      <subfield code="8">31СWЕ01\420160129</subfield>
      <subfield code="6">1646975</subfield>
    </datafield>
    <datafield tag="996" ind1=" " ind2="7">
      <subfield code="q">5</subfield>
      <subfield code="t">20170615</subfield>
      <subfield code="v">a</subfield>
      <subfield code="w">c</subfield>
      <subfield code="3">RSD 100,00</subfield>
      <subfield code="8">32СВК02\420170615</subfield>
      <subfield code="6">1844035</subfield>
    </datafield>
  </record>