
  <record>
    <datafield tag="000" ind1=" " ind2=" ">
      <subfield code="a">00101</subfield>
      <subfield code="b">1995072120160129</subfield>
      <subfield code="c">NBS::ZORICA</subfield>
      <subfield code="d">NBS::MARINAS</subfield>
      <subfield code="e">only</subfield>
      <subfield code="f">0</subfield>
      <subfield code="g">0000178842</subfield>
      <subfield code="o">20160129</subfield>
      <subfield code="p">NBS::MARINAS</subfield>
      <subfield code="x">39181580</subfield>
    </datafield>
	<datafield tag="856">
		<subfield code="u">http://www.digitalna.nb.rs/wb/NBS/Tematske_kolekcije/procvat_pismenosti/sabrana_dela_vuka_karadzica/II_146423_28</subfield>
	</datafield>
    <datafield tag="001" ind1=" " ind2=" ">
      <subfield code="a">c</subfield>
      <subfield code="b">a</subfield>
      <subfield code="c">m</subfield>
      <subfield code="d">0</subfield>
      <subfield code="7">vv</subfield>
    </datafield>
    <datafield tag="010" ind1=" " ind2=" ">
      <subfield code="a">86-07-00776-9</subfield>
    </datafield>
    <datafield tag="010" ind1=" " ind2=" ">
      <subfield code="a">86-07-00269-4</subfield>
    </datafield>
    <datafield tag="100" ind1=" " ind2=" ">
      <subfield code="c">1995</subfield>
      <subfield code="h">srp</subfield>
      <subfield code="i">b1</subfield>
      <subfield code="l">cb</subfield>
    </datafield>
    <datafield tag="101" ind1="0" ind2=" ">
      <subfield code="a">srp</subfield>
    </datafield>
    <datafield tag="102" ind1=" " ind2=" ">
      <subfield code="a">srb</subfield>
      <subfield code="b">cs</subfield>
    </datafield>
    <datafield tag="105" ind1=" " ind2=" ">
      <subfield code="a">y</subfield>
      <subfield code="f">e</subfield>
    </datafield>
    <datafield tag="200" ind1="0" ind2=" ">
      <subfield code="a">Преписка</subfield>
      <subfield code="h">9</subfield>
      <subfield code="i">(1851-1852)</subfield>
      <subfield code="f">Вук Стефановић Караџић</subfield>
      <subfield code="g">приредио Голуб Добрашиновић са сарадницима</subfield>
    </datafield>
    <datafield tag="210" ind1=" " ind2=" ">
      <subfield code="a">Београд</subfield>
      <subfield code="c">Просвета</subfield>
      <subfield code="d">1995</subfield>
      <subfield code="g">б. и</subfield>
    </datafield>
    <datafield tag="215" ind1=" " ind2=" ">
      <subfield code="a">861 стр.</subfield>
      <subfield code="d">21 цм</subfield>
    </datafield>
    <datafield tag="225" ind1="2" ind2=" ">
      <subfield code="a">Сабрана дела Вука Караџића</subfield>
      <subfield code="v">књ. 28</subfield>
    </datafield>
    <datafield tag="300" ind1="1" ind2=" ">
      <subfield code="a">Тираж 3000.</subfield>
    </datafield>
    <datafield tag="600" ind1="0" ind2="0">
      <subfield code="a">Караџић</subfield>
      <subfield code="b">Вук Стефановић</subfield>
      <subfield code="f">1787-1864</subfield>
      <subfield code="w">Преписка</subfield>
    </datafield>
    <datafield tag="675" ind1=" " ind2=" ">
      <subfield code="a">886.1/.2-6</subfield>
      <subfield code="c">фик</subfield>
    </datafield>
    <datafield tag="700" ind1=" " ind2="1">
      <subfield code="a">Караџић</subfield>
      <subfield code="b">Вук Стефановић</subfield>
    </datafield>
    <datafield tag="702" ind1="1" ind2="0">
      <subfield code="a">Добрашиновић</subfield>
      <subfield code="b">Голуб</subfield>
      <subfield code="4">902</subfield>
    </datafield>
    <datafield tag="992" ind1=" " ind2=" ">
      <subfield code="b">9507п054,9507П065,9604м030,сц6,сц97x26,сц97x29,сц97x34,рс97x46,9707нд056, сц97x7,9707кнд041,9708и005,пм97x8,пд97x53,9708ПЦ065,сц99x25,сц00x93,рс04x43, ИД131638791,сц03x58,рс03x92,сц03x100,сц03x114,сц03x117,сц03x128,сц03x129, сц04x128,сц04x129,вдф,рс07x136,сц07x41,сц07x42,сц07x43,сц07x49,сц07x51, сц07x54,сц07x69,рс07x70,kbstok3,rs16x04,</subfield>
    </datafield>
    <datafield tag="996" ind1="2" ind2="7">
      <subfield code="q">5</subfield>
      <subfield code="v">a</subfield>
      <subfield code="w">c</subfield>
      <subfield code="8">32ФРА02\419960430</subfield>
      <subfield code="d">lМАГ\f2\n146423\s28</subfield>
      <subfield code="f">399700709</subfield>
      <subfield code="p">4</subfield>
      <subfield code="6">301453</subfield>
    </datafield>
    <datafield tag="996" ind1="0" ind2="7">
      <subfield code="d">lМАГ\f2\n146423\s28\dм</subfield>
      <subfield code="f">299603316</subfield>
      <subfield code="o">19970804</subfield>
      <subfield code="v">c</subfield>
      <subfield code="w">a</subfield>
      <subfield code="2">Razmena NBS</subfield>
      <subfield code="p">7</subfield>
      <subfield code="6">301454</subfield>
    </datafield>
    <datafield tag="996" ind1="0" ind2="7">
      <subfield code="d">f2\n146423\s28\dд</subfield>
      <subfield code="o">19970804</subfield>
      <subfield code="v">c</subfield>
      <subfield code="w">a</subfield>
      <subfield code="2">Razmena NBS</subfield>
      <subfield code="p">4</subfield>
      <subfield code="6">301455</subfield>
    </datafield>
    <datafield tag="996" ind1="2" ind2="7">
      <subfield code="v">c</subfield>
      <subfield code="w">c</subfield>
      <subfield code="8">32ПОЛ04\419970522</subfield>
      <subfield code="r">преусмерено1997</subfield>
      <subfield code="6">301456</subfield>
    </datafield>
    <datafield tag="996" ind1="2" ind2="7">
      <subfield code="v">b</subfield>
      <subfield code="w">c</subfield>
      <subfield code="8">32ФИН01\419970522</subfield>
      <subfield code="r">преусмерено1997</subfield>
      <subfield code="6">301457</subfield>
    </datafield>
    <datafield tag="996" ind1="2" ind2="7">
      <subfield code="v">c</subfield>
      <subfield code="w">c</subfield>
      <subfield code="8">32ДЕУ12\419970620</subfield>
      <subfield code="r">преусмерено1997</subfield>
      <subfield code="6">301458</subfield>
    </datafield>
    <datafield tag="996" ind1="2" ind2="7">
      <subfield code="v">a</subfield>
      <subfield code="w">b</subfield>
      <subfield code="3">RSD 150,00</subfield>
      <subfield code="3">DEM 40,00</subfield>
      <subfield code="8">31ПОЛ03\419970626</subfield>
      <subfield code="r">преусмерено1997</subfield>
      <subfield code="6">301459</subfield>
    </datafield>
    <datafield tag="996" ind1="2" ind2="7">
      <subfield code="v">a</subfield>
      <subfield code="w">c</subfield>
      <subfield code="8">32ЕСП01\419970724</subfield>
      <subfield code="r">преусмерено1997</subfield>
      <subfield code="6">301460</subfield>
    </datafield>
    <datafield tag="996" ind1="2" ind2="7">
      <subfield code="v">a</subfield>
      <subfield code="w">c</subfield>
      <subfield code="8">32ПОЛ06\419990910</subfield>
      <subfield code="r">преусмерено1999</subfield>
      <subfield code="6">301461</subfield>
    </datafield>
    <datafield tag="996" ind1="2" ind2="7">
      <subfield code="v">a</subfield>
      <subfield code="w">c</subfield>
      <subfield code="8">32ГБР01\420001122</subfield>
      <subfield code="r">преусмерено2000</subfield>
      <subfield code="6">301462</subfield>
    </datafield>
    <datafield tag="996" ind1="2" ind2="7">
      <subfield code="v">a</subfield>
      <subfield code="w">c</subfield>
      <subfield code="8">32ХУН01\420001122</subfield>
      <subfield code="r">преусмерено2000</subfield>
      <subfield code="6">301463</subfield>
    </datafield>
    <datafield tag="996" ind1="2" ind2="7">
      <subfield code="v">a</subfield>
      <subfield code="w">c</subfield>
      <subfield code="8">32ИТА07\420001122</subfield>
      <subfield code="r">преусмерено2000</subfield>
      <subfield code="6">301464</subfield>
    </datafield>
    <datafield tag="996" ind1="2" ind2="7">
      <subfield code="v">a</subfield>
      <subfield code="w">c</subfield>
      <subfield code="8">32ИТА02\420001122</subfield>
      <subfield code="r">преусмерено2000</subfield>
      <subfield code="6">301465</subfield>
    </datafield>
    <datafield tag="996" ind1="2" ind2="7">
      <subfield code="v">a</subfield>
      <subfield code="w">c</subfield>
      <subfield code="8">32ИТА06\420001122</subfield>
      <subfield code="r">преусмерено2000</subfield>
      <subfield code="6">301466</subfield>
    </datafield>
    <datafield tag="996" ind1="2" ind2="7">
      <subfield code="v">a</subfield>
      <subfield code="w">c</subfield>
      <subfield code="8">32ЦХН01\420001122</subfield>
      <subfield code="r">преусмерено2000</subfield>
      <subfield code="6">301467</subfield>
    </datafield>
    <datafield tag="996" ind1="2" ind2="7">
      <subfield code="v">a</subfield>
      <subfield code="w">c</subfield>
      <subfield code="8">32ДЕУ04\420001122</subfield>
      <subfield code="r">преусмерено2000</subfield>
      <subfield code="6">301468</subfield>
    </datafield>
    <datafield tag="996" ind1="2" ind2="7">
      <subfield code="v">a</subfield>
      <subfield code="w">c</subfield>
      <subfield code="8">32ДЕУ15\420001122</subfield>
      <subfield code="r">преусмерено2000</subfield>
      <subfield code="6">301469</subfield>
    </datafield>
    <datafield tag="996" ind1="2" ind2="7">
      <subfield code="v">a</subfield>
      <subfield code="w">c</subfield>
      <subfield code="8">32ЛТУ01\420001122</subfield>
      <subfield code="r">преусмерено2000</subfield>
      <subfield code="6">301470</subfield>
    </datafield>
    <datafield tag="996" ind1="2" ind2="7">
      <subfield code="v">a</subfield>
      <subfield code="w">c</subfield>
      <subfield code="8">32ИТА08\420001122</subfield>
      <subfield code="r">преусмерено2000</subfield>
      <subfield code="6">301471</subfield>
    </datafield>
    <datafield tag="996" ind1="2" ind2="7">
      <subfield code="v">a</subfield>
      <subfield code="w">c</subfield>
      <subfield code="8">32ФРА05\420001122</subfield>
      <subfield code="r">преусмерено2000</subfield>
      <subfield code="6">301472</subfield>
    </datafield>
    <datafield tag="996" ind1="2" ind2="7">
      <subfield code="v">a</subfield>
      <subfield code="w">c</subfield>
      <subfield code="8">32УСА03\420001122</subfield>
      <subfield code="r">преусмерено2000</subfield>
      <subfield code="6">301473</subfield>
    </datafield>
    <datafield tag="996" ind1="2" ind2="7">
      <subfield code="v">a</subfield>
      <subfield code="w">c</subfield>
      <subfield code="8">32ДЕУ19\420030620</subfield>
      <subfield code="r">преусмерено2003</subfield>
      <subfield code="6">301474</subfield>
    </datafield>
    <datafield tag="996" ind1=" " ind2="7">
      <subfield code="v">a</subfield>
      <subfield code="w">b</subfield>
      <subfield code="3">RSD 400,00</subfield>
      <subfield code="3">GBP 10,00</subfield>
      <subfield code="8">31ГБР03\420030808</subfield>
      <subfield code="r">преусмерено2003</subfield>
      <subfield code="6">301475</subfield>
    </datafield>
    <datafield tag="996" ind1=" " ind2="7">
      <subfield code="v">a</subfield>
      <subfield code="w">c</subfield>
      <subfield code="3">RSD 400,00</subfield>
      <subfield code="8">32ПОЛ07\420030922</subfield>
      <subfield code="r">преусмерено2003</subfield>
      <subfield code="6">301476</subfield>
    </datafield>
    <datafield tag="996" ind1=" " ind2="7">
      <subfield code="v">a</subfield>
      <subfield code="w">c</subfield>
      <subfield code="3">RSD 400,00</subfield>
      <subfield code="8">32СВК01\420030922</subfield>
      <subfield code="r">преусмерено2003</subfield>
      <subfield code="6">301477</subfield>
    </datafield>
    <datafield tag="996" ind1=" " ind2="7">
      <subfield code="v">a</subfield>
      <subfield code="w">c</subfield>
      <subfield code="3">RSD 400,00</subfield>
      <subfield code="8">32ДЕУ01\420030922</subfield>
      <subfield code="r">преусмерено2003</subfield>
      <subfield code="6">301478</subfield>
    </datafield>
    <datafield tag="996" ind1=" " ind2="7">
      <subfield code="v">a</subfield>
      <subfield code="w">c</subfield>
      <subfield code="3">RSD 400,00</subfield>
      <subfield code="8">32ИТА11\420030922</subfield>
      <subfield code="r">преусмерено2003</subfield>
      <subfield code="6">301479</subfield>
    </datafield>
    <datafield tag="996" ind1=" " ind2="7">
      <subfield code="v">a</subfield>
      <subfield code="w">c</subfield>
      <subfield code="3">RSD 400,00</subfield>
      <subfield code="8">32РОМ01\420030922</subfield>
      <subfield code="r">преусмерено2003</subfield>
      <subfield code="6">301480</subfield>
    </datafield>
    <datafield tag="996" ind1=" " ind2="7">
      <subfield code="v">a</subfield>
      <subfield code="w">c</subfield>
      <subfield code="3">RSD 400,00</subfield>
      <subfield code="8">32ИТА12\420040820</subfield>
      <subfield code="r">преусмерено2004</subfield>
      <subfield code="6">301481</subfield>
    </datafield>
    <datafield tag="996" ind1=" " ind2="7">
      <subfield code="v">a</subfield>
      <subfield code="w">c</subfield>
      <subfield code="3">RSD 400,00</subfield>
      <subfield code="8">32ИТА13\420040820</subfield>
      <subfield code="r">преусмерено2004</subfield>
      <subfield code="6">301482</subfield>
    </datafield>
    <datafield tag="996" ind1=" " ind2="7">
      <subfield code="v">a</subfield>
      <subfield code="w">b</subfield>
      <subfield code="3">RSD 400,00</subfield>
      <subfield code="3">EUR 15,00</subfield>
      <subfield code="8">31ДЕУ11/420040712</subfield>
      <subfield code="r">преусмерено</subfield>
      <subfield code="6">301483</subfield>
    </datafield>
    <datafield tag="996" ind1=" " ind2="7">
      <subfield code="v">a</subfield>
      <subfield code="w">b</subfield>
      <subfield code="3">RSD 100,00</subfield>
      <subfield code="3">EUR 20,00</subfield>
      <subfield code="8">31БИХ02\420070322</subfield>
      <subfield code="r">преусмерено2007</subfield>
      <subfield code="6">301484</subfield>
    </datafield>
    <datafield tag="996" ind1=" " ind2="7">
      <subfield code="v">a</subfield>
      <subfield code="w">c</subfield>
      <subfield code="3">RSD 100,00</subfield>
      <subfield code="8">32ЦЗЕ02\420070422</subfield>
      <subfield code="r">преусмерено2007</subfield>
      <subfield code="6">301485</subfield>
    </datafield>
    <datafield tag="996" ind1=" " ind2="7">
      <subfield code="v">a</subfield>
      <subfield code="w">c</subfield>
      <subfield code="3">RSD 100,00</subfield>
      <subfield code="8">32ПОЛ05\420070422</subfield>
      <subfield code="r">преусмерено2007</subfield>
      <subfield code="6">301486</subfield>
    </datafield>
    <datafield tag="996" ind1=" " ind2="7">
      <subfield code="v">a</subfield>
      <subfield code="w">c</subfield>
      <subfield code="3">RSD 100,00</subfield>
      <subfield code="8">32РУС03\420070422</subfield>
      <subfield code="r">преусмерено2007</subfield>
      <subfield code="6">301487</subfield>
    </datafield>
    <datafield tag="996" ind1=" " ind2="7">
      <subfield code="v">a</subfield>
      <subfield code="w">c</subfield>
      <subfield code="3">RSD 100,00</subfield>
      <subfield code="8">32ФРА03\420070422</subfield>
      <subfield code="r">преусмерено2007</subfield>
      <subfield code="6">301488</subfield>
    </datafield>
    <datafield tag="996" ind1=" " ind2="7">
      <subfield code="v">a</subfield>
      <subfield code="w">c</subfield>
      <subfield code="3">RSD 100,00</subfield>
      <subfield code="8">32ПОЛ08\420070422</subfield>
      <subfield code="r">преусмерено2007</subfield>
      <subfield code="6">301489</subfield>
    </datafield>
    <datafield tag="996" ind1=" " ind2="7">
      <subfield code="v">a</subfield>
      <subfield code="w">c</subfield>
      <subfield code="3">RSD 100,00</subfield>
      <subfield code="8">32ПОЛ02\420070522</subfield>
      <subfield code="r">преусмерено2007</subfield>
      <subfield code="6">301490</subfield>
    </datafield>
    <datafield tag="996" ind1=" " ind2="7">
      <subfield code="v">a</subfield>
      <subfield code="w">c</subfield>
      <subfield code="3">RSD 100,00</subfield>
      <subfield code="8">32СВН01\420070622</subfield>
      <subfield code="r">преусмерено2007</subfield>
      <subfield code="6">301491</subfield>
    </datafield>
    <datafield tag="996" ind1=" " ind2="7">
      <subfield code="v">c</subfield>
      <subfield code="w">b</subfield>
      <subfield code="3">RSD 00,00</subfield>
      <subfield code="3">GBP 12,00</subfield>
      <subfield code="8">31ГБР03\420070905</subfield>
      <subfield code="r">преусмерено2007</subfield>
      <subfield code="6">301492</subfield>
    </datafield>
    <datafield tag="996" ind1=" " ind2="7">
      <subfield code="q">5</subfield>
      <subfield code="t">20160129</subfield>
      <subfield code="v">c</subfield>
      <subfield code="w">b</subfield>
      <subfield code="3">EUR 20,00</subfield>
      <subfield code="8">31СWЕ01\420160129</subfield>
      <subfield code="6">1647021</subfield>
    </datafield>
  </record>