
  <record>
    <datafield tag="000" ind1=" " ind2=" ">
      <subfield code="a">00101</subfield>
      <subfield code="b">1993072020160129</subfield>
      <subfield code="c">NBS::BRANKA</subfield>
      <subfield code="d">NBS::MARINAS</subfield>
      <subfield code="e">only</subfield>
      <subfield code="f">0</subfield>
      <subfield code="g">0000092916</subfield>
      <subfield code="o">20160129</subfield>
      <subfield code="p">NBS::MARINAS</subfield>
      <subfield code="x">17184524</subfield>
    </datafield>
	<datafield tag="856">
		<subfield code="u">http://www.digitalna.nb.rs/wb/NBS/Tematske_kolekcije/procvat_pismenosti/sabrana_dela_vuka_karadzica/II_146423_26</subfield>
	</datafield>
    <datafield tag="001" ind1=" " ind2=" ">
      <subfield code="a">c</subfield>
      <subfield code="b">a</subfield>
      <subfield code="c">m</subfield>
      <subfield code="d">0</subfield>
      <subfield code="7">vv</subfield>
    </datafield>
    <datafield tag="010" ind1=" " ind2=" ">
      <subfield code="a">86-07-00038-1</subfield>
    </datafield>
    <datafield tag="010" ind1=" " ind2=" ">
      <subfield code="a">86-07-00267-8</subfield>
    </datafield>
    <datafield tag="100" ind1=" " ind2=" ">
      <subfield code="c">1993</subfield>
      <subfield code="h">srp</subfield>
      <subfield code="i">b1</subfield>
      <subfield code="l">cb</subfield>
    </datafield>
    <datafield tag="101" ind1="0" ind2=" ">
      <subfield code="a">srp</subfield>
    </datafield>
    <datafield tag="102" ind1=" " ind2=" ">
      <subfield code="a">srb</subfield>
      <subfield code="b">cs</subfield>
    </datafield>
    <datafield tag="105" ind1=" " ind2=" ">
      <subfield code="a">y</subfield>
      <subfield code="f">e</subfield>
    </datafield>
    <datafield tag="200" ind1="0" ind2=" ">
      <subfield code="a">Преписка</subfield>
      <subfield code="h">7</subfield>
      <subfield code="i">1843-1847.</subfield>
      <subfield code="f">Вук Стефановић Караџић</subfield>
      <subfield code="g">приредио Голуб Добрашиновић са сарадницима</subfield>
    </datafield>
    <datafield tag="210" ind1=" " ind2=" ">
      <subfield code="a">Београд</subfield>
      <subfield code="c">Просвета</subfield>
      <subfield code="d">1993</subfield>
      <subfield code="e">Београд</subfield>
      <subfield code="g">БИГЗ</subfield>
    </datafield>
    <datafield tag="215" ind1=" " ind2=" ">
      <subfield code="a">911 стр.</subfield>
      <subfield code="d">21 цм</subfield>
    </datafield>
    <datafield tag="225" ind1="2" ind2=" ">
      <subfield code="a">Сабрана дела Вука Караџића</subfield>
      <subfield code="v">књ. 26</subfield>
    </datafield>
    <datafield tag="300" ind1="1" ind2=" ">
      <subfield code="a">Тираж 3000.</subfield>
    </datafield>
    <datafield tag="600" ind1="1" ind2="1">
      <subfield code="a">Караџић</subfield>
      <subfield code="b">Вук Стефановић</subfield>
      <subfield code="f">1787-1864</subfield>
      <subfield code="w">Преписка</subfield>
    </datafield>
    <datafield tag="675" ind1=" " ind2=" ">
      <subfield code="a">886.1/.2-6</subfield>
      <subfield code="c">фик</subfield>
    </datafield>
    <datafield tag="700" ind1=" " ind2="1">
      <subfield code="a">Караџић</subfield>
      <subfield code="b">Вук Стефановић</subfield>
    </datafield>
    <datafield tag="702" ind1="1" ind2="0">
      <subfield code="a">Добрашиновић</subfield>
      <subfield code="b">Голуб</subfield>
      <subfield code="4">902</subfield>
    </datafield>
    <datafield tag="992" ind1=" " ind2=" ">
      <subfield code="b">9307п058,9307п073,9311нд056,9311к041,9311пц073,9401б066,9604м030,сц6,сц97x44, сц97x47,рс97x46,сц97x49,сц97x55,сц98x73,сц99x8,РОБ99,пд01x24,ИД63267847, сц03x58,рс03x85,рс03x92,сц03x100,сц03x114,сц03x117,сц03x128,сц03x129,сц04x128, сц04x129,рс04x43,вдф,сц07x35,рс07x136,сц07x41,сц07x42,сц07x43,сц07x49, сц07x51, сц07x69,рс07x70,сц09x103,kbstok3,rs16x04,</subfield>
    </datafield>
    <datafield tag="996" ind1="0" ind2="7">
      <subfield code="d">lМАГ\f2\n146423\s26</subfield>
      <subfield code="f">199301773</subfield>
      <subfield code="p">4</subfield>
      <subfield code="6">156488</subfield>
    </datafield>
    <datafield tag="996" ind1="0" ind2="7">
      <subfield code="d">lМАГ\f2\n146423\s26\dд</subfield>
      <subfield code="f">200100432</subfield>
      <subfield code="o">20010410</subfield>
      <subfield code="v">c</subfield>
      <subfield code="w">a</subfield>
      <subfield code="2">obavezni-p</subfield>
      <subfield code="p">4</subfield>
      <subfield code="6">156489</subfield>
    </datafield>
    <datafield tag="996" ind1="2" ind2="7">
      <subfield code="v">a</subfield>
      <subfield code="w">c</subfield>
      <subfield code="8">32ФРА02\419960430</subfield>
      <subfield code="r">преусмерено1996</subfield>
      <subfield code="6">156490</subfield>
    </datafield>
    <datafield tag="996" ind1="2" ind2="7">
      <subfield code="v">a</subfield>
      <subfield code="w">c</subfield>
      <subfield code="8">32ПОЛ04\419970620</subfield>
      <subfield code="r">преусмерено1997</subfield>
      <subfield code="6">156491</subfield>
    </datafield>
    <datafield tag="996" ind1="2" ind2="7">
      <subfield code="v">a</subfield>
      <subfield code="w">c</subfield>
      <subfield code="8">32ФИН01\419970620</subfield>
      <subfield code="r">преусмерено1997</subfield>
      <subfield code="6">156492</subfield>
    </datafield>
    <datafield tag="996" ind1="2" ind2="7">
      <subfield code="v">a</subfield>
      <subfield code="w">b</subfield>
      <subfield code="3">RSD 150,00</subfield>
      <subfield code="3">DEM 40,00</subfield>
      <subfield code="8">31ПОЛ03\419970626</subfield>
      <subfield code="r">преусмерено1997</subfield>
      <subfield code="6">156493</subfield>
    </datafield>
    <datafield tag="996" ind1="2" ind2="7">
      <subfield code="v">a</subfield>
      <subfield code="w">c</subfield>
      <subfield code="8">32ЕСП01\419970620</subfield>
      <subfield code="r">преусмерено1997</subfield>
      <subfield code="6">156494</subfield>
    </datafield>
    <datafield tag="996" ind1="2" ind2="7">
      <subfield code="v">a</subfield>
      <subfield code="w">c</subfield>
      <subfield code="8">32ДЕУ12\419970620</subfield>
      <subfield code="r">преусмерено1997</subfield>
      <subfield code="6">156495</subfield>
    </datafield>
    <datafield tag="996" ind1="2" ind2="7">
      <subfield code="v">a</subfield>
      <subfield code="w">c</subfield>
      <subfield code="8">32ПОЛ06\419980424</subfield>
      <subfield code="r">преусмерено1998</subfield>
      <subfield code="6">156496</subfield>
    </datafield>
    <datafield tag="996" ind1="2" ind2="7">
      <subfield code="v">c</subfield>
      <subfield code="w">c</subfield>
      <subfield code="8">32ГБР01\419990525</subfield>
      <subfield code="r">преусмерено1999</subfield>
      <subfield code="6">156497</subfield>
    </datafield>
    <datafield tag="996" ind1="2" ind2="7">
      <subfield code="v">c</subfield>
      <subfield code="w">c</subfield>
      <subfield code="8">32УСА03\419990525</subfield>
      <subfield code="r">преусмерено1999</subfield>
      <subfield code="6">156498</subfield>
    </datafield>
    <datafield tag="996" ind1="2" ind2="7">
      <subfield code="v">c</subfield>
      <subfield code="w">c</subfield>
      <subfield code="8">32ДЕУ04\419990525</subfield>
      <subfield code="r">преусмерено1999</subfield>
      <subfield code="6">156499</subfield>
    </datafield>
    <datafield tag="996" ind1="2" ind2="7">
      <subfield code="v">c</subfield>
      <subfield code="w">c</subfield>
      <subfield code="8">32ИТА06\419990525</subfield>
      <subfield code="r">преусмерено1999</subfield>
      <subfield code="6">156500</subfield>
    </datafield>
    <datafield tag="996" ind1="2" ind2="7">
      <subfield code="v">c</subfield>
      <subfield code="w">c</subfield>
      <subfield code="8">32ХУН01\419990525</subfield>
      <subfield code="r">преусмерено1999</subfield>
      <subfield code="6">156501</subfield>
    </datafield>
    <datafield tag="996" ind1="2" ind2="7">
      <subfield code="v">c</subfield>
      <subfield code="w">c</subfield>
      <subfield code="8">32ИТА08\419990525</subfield>
      <subfield code="r">преусмерено1999</subfield>
      <subfield code="6">156502</subfield>
    </datafield>
    <datafield tag="996" ind1="2" ind2="7">
      <subfield code="v">c</subfield>
      <subfield code="w">c</subfield>
      <subfield code="8">32ИТА02\419990525</subfield>
      <subfield code="r">преусмерено1999</subfield>
      <subfield code="6">156503</subfield>
    </datafield>
    <datafield tag="996" ind1="2" ind2="7">
      <subfield code="v">c</subfield>
      <subfield code="w">c</subfield>
      <subfield code="8">32ФРА05\419990525</subfield>
      <subfield code="r">преусмерено1999</subfield>
      <subfield code="6">156504</subfield>
    </datafield>
    <datafield tag="996" ind1="2" ind2="7">
      <subfield code="v">c</subfield>
      <subfield code="w">c</subfield>
      <subfield code="8">32КОР01\419990525</subfield>
      <subfield code="r">преусмерено1999</subfield>
      <subfield code="6">156505</subfield>
    </datafield>
    <datafield tag="996" ind1="2" ind2="7">
      <subfield code="v">c</subfield>
      <subfield code="w">c</subfield>
      <subfield code="8">32ЛТУ01\419990525</subfield>
      <subfield code="r">преусмерено1999</subfield>
      <subfield code="6">156506</subfield>
    </datafield>
    <datafield tag="996" ind1="2" ind2="7">
      <subfield code="v">c</subfield>
      <subfield code="w">c</subfield>
      <subfield code="8">32ЦХН01\419990525</subfield>
      <subfield code="r">преусмерено1999</subfield>
      <subfield code="6">156507</subfield>
    </datafield>
    <datafield tag="996" ind1="2" ind2="7">
      <subfield code="v">c</subfield>
      <subfield code="w">c</subfield>
      <subfield code="8">32ДЕУ19\420030620</subfield>
      <subfield code="r">преусмерено2003</subfield>
      <subfield code="6">156508</subfield>
    </datafield>
    <datafield tag="996" ind1=" " ind2="7">
      <subfield code="v">a</subfield>
      <subfield code="w">b</subfield>
      <subfield code="3">RSD 400,00</subfield>
      <subfield code="3">USD 20,00</subfield>
      <subfield code="8">31УСА19\420030808</subfield>
      <subfield code="r">преусмерено2003</subfield>
      <subfield code="6">156509</subfield>
    </datafield>
    <datafield tag="996" ind1=" " ind2="7">
      <subfield code="v">a</subfield>
      <subfield code="w">b</subfield>
      <subfield code="3">RSD 400,00</subfield>
      <subfield code="3">GBP 10,00</subfield>
      <subfield code="8">31ГБР03\420030808</subfield>
      <subfield code="r">преусмерено2003</subfield>
      <subfield code="6">156510</subfield>
    </datafield>
    <datafield tag="996" ind1=" " ind2="7">
      <subfield code="v">a</subfield>
      <subfield code="w">c</subfield>
      <subfield code="3">RSD 400,00</subfield>
      <subfield code="8">32ПОЛ07\420030922</subfield>
      <subfield code="r">преусмерено2003</subfield>
      <subfield code="6">156511</subfield>
    </datafield>
    <datafield tag="996" ind1=" " ind2="7">
      <subfield code="v">a</subfield>
      <subfield code="w">c</subfield>
      <subfield code="3">RSD 400,00</subfield>
      <subfield code="8">32СВК01\420030922</subfield>
      <subfield code="r">преусмерено2003</subfield>
      <subfield code="6">156512</subfield>
    </datafield>
    <datafield tag="996" ind1=" " ind2="7">
      <subfield code="v">a</subfield>
      <subfield code="w">c</subfield>
      <subfield code="3">RSD 400,00</subfield>
      <subfield code="8">32ДЕУ01\420030922</subfield>
      <subfield code="r">преусмерено2003</subfield>
      <subfield code="6">156513</subfield>
    </datafield>
    <datafield tag="996" ind1=" " ind2="7">
      <subfield code="v">a</subfield>
      <subfield code="w">c</subfield>
      <subfield code="3">RSD 400,00</subfield>
      <subfield code="8">32ИТА11\420030922</subfield>
      <subfield code="r">преусмерено2003</subfield>
      <subfield code="6">156514</subfield>
    </datafield>
    <datafield tag="996" ind1=" " ind2="7">
      <subfield code="v">a</subfield>
      <subfield code="w">c</subfield>
      <subfield code="3">RSD 400,00</subfield>
      <subfield code="8">32РОМ01\420030922</subfield>
      <subfield code="r">преусмерено2003</subfield>
      <subfield code="6">156515</subfield>
    </datafield>
    <datafield tag="996" ind1=" " ind2="7">
      <subfield code="v">a</subfield>
      <subfield code="w">c</subfield>
      <subfield code="3">RSD 400,00</subfield>
      <subfield code="8">32ИТА12\420040820</subfield>
      <subfield code="r">преусмерено2004</subfield>
      <subfield code="6">156516</subfield>
    </datafield>
    <datafield tag="996" ind1=" " ind2="7">
      <subfield code="v">a</subfield>
      <subfield code="w">c</subfield>
      <subfield code="3">RSD 400,00</subfield>
      <subfield code="8">32ИТА13\420040820</subfield>
      <subfield code="r">преусмерено2004</subfield>
      <subfield code="6">156517</subfield>
    </datafield>
    <datafield tag="996" ind1=" " ind2="7">
      <subfield code="v">a</subfield>
      <subfield code="w">b</subfield>
      <subfield code="3">RSD 400,00</subfield>
      <subfield code="3">EUR 15,00</subfield>
      <subfield code="8">31ДЕУ11/420040712</subfield>
      <subfield code="r">преусмерено</subfield>
      <subfield code="6">156518</subfield>
    </datafield>
    <datafield tag="996" ind1=" " ind2="7">
      <subfield code="v">c</subfield>
      <subfield code="w">c</subfield>
      <subfield code="8">32ПОЛ02\420070322</subfield>
      <subfield code="r">преусмерено2007</subfield>
      <subfield code="6">156519</subfield>
    </datafield>
    <datafield tag="996" ind1=" " ind2="7">
      <subfield code="v">a</subfield>
      <subfield code="w">b</subfield>
      <subfield code="3">RSD 100,00</subfield>
      <subfield code="3">EUR 15,00</subfield>
      <subfield code="8">31БИХ02\420070322</subfield>
      <subfield code="r">преусмерено2007</subfield>
      <subfield code="6">156520</subfield>
    </datafield>
    <datafield tag="996" ind1=" " ind2="7">
      <subfield code="v">a</subfield>
      <subfield code="w">c</subfield>
      <subfield code="3">RSD 100,00</subfield>
      <subfield code="8">32ЦЗЕ02\420070422</subfield>
      <subfield code="r">преусмерено2007</subfield>
      <subfield code="6">156521</subfield>
    </datafield>
    <datafield tag="996" ind1=" " ind2="7">
      <subfield code="v">a</subfield>
      <subfield code="w">c</subfield>
      <subfield code="3">RSD 100,00</subfield>
      <subfield code="8">32ПОЛ05\420070422</subfield>
      <subfield code="r">преусмерено2007</subfield>
      <subfield code="6">156522</subfield>
    </datafield>
    <datafield tag="996" ind1=" " ind2="7">
      <subfield code="v">a</subfield>
      <subfield code="w">c</subfield>
      <subfield code="3">RSD 100,00</subfield>
      <subfield code="8">32РУС03\420070422</subfield>
      <subfield code="r">преусмерено2007</subfield>
      <subfield code="6">156523</subfield>
    </datafield>
    <datafield tag="996" ind1=" " ind2="7">
      <subfield code="v">a</subfield>
      <subfield code="w">c</subfield>
      <subfield code="3">RSD 100,00</subfield>
      <subfield code="8">32ФРА03\420070422</subfield>
      <subfield code="r">преусмерено2007</subfield>
      <subfield code="6">156524</subfield>
    </datafield>
    <datafield tag="996" ind1=" " ind2="7">
      <subfield code="v">a</subfield>
      <subfield code="w">c</subfield>
      <subfield code="3">RSD 100,00</subfield>
      <subfield code="8">32ПОЛ08\420070422</subfield>
      <subfield code="r">преусмерено2007</subfield>
      <subfield code="6">156525</subfield>
    </datafield>
    <datafield tag="996" ind1=" " ind2="7">
      <subfield code="v">a</subfield>
      <subfield code="w">c</subfield>
      <subfield code="3">RSD 100,00</subfield>
      <subfield code="8">32СВН01\420070622</subfield>
      <subfield code="r">преусмерено2007</subfield>
      <subfield code="6">156526</subfield>
    </datafield>
    <datafield tag="996" ind1=" " ind2="7">
      <subfield code="v">a</subfield>
      <subfield code="w">b</subfield>
      <subfield code="3">RSD 400,00</subfield>
      <subfield code="3">GBP 10,00</subfield>
      <subfield code="8">31ГБР03\420070905</subfield>
      <subfield code="r">преусмерено2007</subfield>
      <subfield code="6">156527</subfield>
    </datafield>
    <datafield tag="996" ind1=" " ind2="8">
      <subfield code="v">a</subfield>
      <subfield code="w">c</subfield>
      <subfield code="3">RSD 100,00</subfield>
      <subfield code="8">32РОМ03\420091122</subfield>
      <subfield code="r">преусмерено2009</subfield>
      <subfield code="6">156528</subfield>
    </datafield>
    <datafield tag="996" ind1=" " ind2="7">
      <subfield code="q">5</subfield>
      <subfield code="t">20160129</subfield>
      <subfield code="v">c</subfield>
      <subfield code="w">b</subfield>
      <subfield code="3">EUR 20,00</subfield>
      <subfield code="8">31СWЕ01\420160129</subfield>
      <subfield code="6">1647019</subfield>
    </datafield>
  </record>