
  <record>
    <datafield tag="000" ind1=" " ind2=" ">
      <subfield code="a">00101</subfield>
      <subfield code="b">1996101820160129</subfield>
      <subfield code="c">NBS::JELENA</subfield>
      <subfield code="d">NBS::MARINAS</subfield>
      <subfield code="e">only</subfield>
      <subfield code="f">0</subfield>
      <subfield code="g">0000220151</subfield>
      <subfield code="o">20160129</subfield>
      <subfield code="p">NBS::MARINAS</subfield>
      <subfield code="x">49756684</subfield>
    </datafield>
	<datafield tag="856">
		<subfield code="u">http://www.digitalna.nb.rs/wb/NBS/Tematske_kolekcije/procvat_pismenosti/sabrana_dela_vuka_karadzica/II_146423_30</subfield>
	</datafield>
    <datafield tag="001" ind1=" " ind2=" ">
      <subfield code="a">c</subfield>
      <subfield code="b">a</subfield>
      <subfield code="c">m</subfield>
      <subfield code="d">0</subfield>
      <subfield code="7">vv</subfield>
    </datafield>
    <datafield tag="010" ind1=" " ind2=" ">
      <subfield code="z">86-07-0038-1</subfield>
    </datafield>
    <datafield tag="010" ind1=" " ind2=" ">
      <subfield code="a">86-07-01029-8</subfield>
    </datafield>
    <datafield tag="100" ind1=" " ind2=" ">
      <subfield code="c">1996</subfield>
      <subfield code="h">srp</subfield>
      <subfield code="i">b1</subfield>
      <subfield code="l">cb</subfield>
    </datafield>
    <datafield tag="101" ind1="0" ind2=" ">
      <subfield code="a">srp</subfield>
    </datafield>
    <datafield tag="102" ind1=" " ind2=" ">
      <subfield code="a">srb</subfield>
      <subfield code="b">cs</subfield>
    </datafield>
    <datafield tag="105" ind1=" " ind2=" ">
      <subfield code="a">y</subfield>
      <subfield code="f">e</subfield>
    </datafield>
    <datafield tag="200" ind1="0" ind2=" ">
      <subfield code="a">Преписка</subfield>
      <subfield code="h">11</subfield>
      <subfield code="i">1855-1858.</subfield>
      <subfield code="f">Вук Стефановић Караџић</subfield>
      <subfield code="g">приредио Голуб Добрашиновић са сарадницима</subfield>
    </datafield>
    <datafield tag="210" ind1=" " ind2=" ">
      <subfield code="a">Београд</subfield>
      <subfield code="c">Просвета</subfield>
      <subfield code="d">1996</subfield>
      <subfield code="e">Београд</subfield>
      <subfield code="g">БИГЗ</subfield>
    </datafield>
    <datafield tag="215" ind1=" " ind2=" ">
      <subfield code="a">897 стр.</subfield>
      <subfield code="d">21 цм</subfield>
    </datafield>
    <datafield tag="225" ind1="2" ind2=" ">
      <subfield code="a">Сабрана дела Вука Караџића</subfield>
      <subfield code="v">књ. 30</subfield>
    </datafield>
    <datafield tag="300" ind1="1" ind2=" ">
      <subfield code="a">Кор. насл.</subfield>
    </datafield>
    <datafield tag="300" ind1="1" ind2=" ">
      <subfield code="a">Тираж 3000.</subfield>
    </datafield>
    <datafield tag="600" ind1="0" ind2="0">
      <subfield code="a">Караџић</subfield>
      <subfield code="b">Вук Стефановић</subfield>
      <subfield code="f">1787-1864</subfield>
      <subfield code="w">Преписка</subfield>
    </datafield>
    <datafield tag="675" ind1=" " ind2=" ">
      <subfield code="a">886.1/.2-6</subfield>
      <subfield code="c">фик</subfield>
    </datafield>
    <datafield tag="700" ind1=" " ind2="1">
      <subfield code="a">Караџић</subfield>
      <subfield code="b">Вук Стефановић</subfield>
      <subfield code="4">070</subfield>
    </datafield>
    <datafield tag="702" ind1="1" ind2="0">
      <subfield code="a">Добрашиновић</subfield>
      <subfield code="b">Голуб</subfield>
      <subfield code="4">902</subfield>
    </datafield>
    <datafield tag="992" ind1=" " ind2=" ">
      <subfield code="b">9610п056,9610кп048,9610п078,9704м030,сц97x10,сц97x13,рс97x32,сц97x14,рс97x36, сц97x16,рс97x38,сц97x18,сц97x20,сц97x22,сц97x23,сц97x24,сц97x26,рс97x39,сц9 7x29 сц97x34,рс97x40,сц97x39,сц97x41,сц97x42,рс97x46,сц97x52,рс97x47,рс97x54, 9707нд056,рс97x56,рс97x58,рс97x63,рс97x64,9707кнд041,9708пц073,сц97x118,сц9 8x20,сц98x23,рс98x31,рс98x37,рс98x48,сц98x73,рс98x159,ИД164015367,рс03x34, рс03x92,сц03x95,сц03x100,сц03x112,сц03x128,сц03x129,сц04x158,сц04x180,фрони1, рс10x23,kbstok3,rs16x04,</subfield>
    </datafield>
    <datafield tag="996" ind1="2" ind2="7">
      <subfield code="q">5</subfield>
      <subfield code="v">a</subfield>
      <subfield code="w">c</subfield>
      <subfield code="8">32ФРА02\419960430</subfield>
      <subfield code="d">lМАГ\f2\n146423\s30</subfield>
      <subfield code="f">399700711</subfield>
      <subfield code="p">4</subfield>
      <subfield code="6">370260</subfield>
    </datafield>
    <datafield tag="996" ind1="2" ind2="7">
      <subfield code="v">c</subfield>
      <subfield code="w">c</subfield>
      <subfield code="8">32ЕСП01\419970430</subfield>
      <subfield code="r">преусмерено1997</subfield>
      <subfield code="6">370261</subfield>
    </datafield>
    <datafield tag="996" ind1="2" ind2="7">
      <subfield code="v">c</subfield>
      <subfield code="w">c</subfield>
      <subfield code="8">32ДЕУ04\419970430</subfield>
      <subfield code="r">преусмерено1997</subfield>
      <subfield code="6">370262</subfield>
    </datafield>
    <datafield tag="996" ind1="2" ind2="7">
      <subfield code="v">c</subfield>
      <subfield code="w">b</subfield>
      <subfield code="3">RSD 00,00</subfield>
      <subfield code="3">DEM 30,00</subfield>
      <subfield code="8">31БГР01\419970425</subfield>
      <subfield code="r">преусмерено1997</subfield>
      <subfield code="6">370263</subfield>
    </datafield>
    <datafield tag="996" ind1="2" ind2="7">
      <subfield code="v">c</subfield>
      <subfield code="w">c</subfield>
      <subfield code="8">32УСА03\419970430</subfield>
      <subfield code="r">преусмерено1997</subfield>
      <subfield code="6">370264</subfield>
    </datafield>
    <datafield tag="996" ind1="2" ind2="7">
      <subfield code="v">c</subfield>
      <subfield code="w">b</subfield>
      <subfield code="3">RSD 00,00</subfield>
      <subfield code="3">USD 30,00</subfield>
      <subfield code="8">31УСА13\419970525</subfield>
      <subfield code="r">преусмерено1997</subfield>
      <subfield code="6">370265</subfield>
    </datafield>
    <datafield tag="996" ind1="2" ind2="7">
      <subfield code="v">c</subfield>
      <subfield code="w">c</subfield>
      <subfield code="8">32ХУН01\419970522</subfield>
      <subfield code="r">преусмерено1997</subfield>
      <subfield code="6">370266</subfield>
    </datafield>
    <datafield tag="996" ind1="2" ind2="7">
      <subfield code="v">c</subfield>
      <subfield code="w">b</subfield>
      <subfield code="3">RSD 00,00</subfield>
      <subfield code="3">DEM 40,00</subfield>
      <subfield code="8">31ДЕУ34\419970525</subfield>
      <subfield code="r">преусмерено1997</subfield>
      <subfield code="6">370267</subfield>
    </datafield>
    <datafield tag="996" ind1="2" ind2="7">
      <subfield code="v">c</subfield>
      <subfield code="w">c</subfield>
      <subfield code="8">32ЦХН01\419970522</subfield>
      <subfield code="r">преусмерено1997</subfield>
      <subfield code="6">370268</subfield>
    </datafield>
    <datafield tag="996" ind1="2" ind2="7">
      <subfield code="v">c</subfield>
      <subfield code="w">c</subfield>
      <subfield code="8">32ИТА07\419970522</subfield>
      <subfield code="r">преусмерено1997</subfield>
      <subfield code="6">370269</subfield>
    </datafield>
    <datafield tag="996" ind1="2" ind2="7">
      <subfield code="v">c</subfield>
      <subfield code="w">c</subfield>
      <subfield code="8">32ИТА08\419970522</subfield>
      <subfield code="r">преусмерено1997</subfield>
      <subfield code="6">370270</subfield>
    </datafield>
    <datafield tag="996" ind1="2" ind2="7">
      <subfield code="v">c</subfield>
      <subfield code="w">c</subfield>
      <subfield code="8">32ИТА06\419970522</subfield>
      <subfield code="r">преусмерено1997</subfield>
      <subfield code="6">370271</subfield>
    </datafield>
    <datafield tag="996" ind1="2" ind2="7">
      <subfield code="v">c</subfield>
      <subfield code="w">c</subfield>
      <subfield code="8">32ДЕУ15\419970522</subfield>
      <subfield code="r">преусмерено1997</subfield>
      <subfield code="6">370272</subfield>
    </datafield>
    <datafield tag="996" ind1="2" ind2="7">
      <subfield code="v">a</subfield>
      <subfield code="w">c</subfield>
      <subfield code="8">32ПОЛ04\419970522</subfield>
      <subfield code="r">преусмерено1997</subfield>
      <subfield code="6">370273</subfield>
    </datafield>
    <datafield tag="996" ind1="2" ind2="7">
      <subfield code="v">c</subfield>
      <subfield code="w">b</subfield>
      <subfield code="3">RSD 00,00</subfield>
      <subfield code="3">RSD 150,00</subfield>
      <subfield code="8">31ЫУГ18\419970525</subfield>
      <subfield code="r">преусмерено1997</subfield>
      <subfield code="6">370274</subfield>
    </datafield>
    <datafield tag="996" ind1="2" ind2="7">
      <subfield code="v">c</subfield>
      <subfield code="w">c</subfield>
      <subfield code="8">32ФИН01\419970522</subfield>
      <subfield code="r">преусмерено1997</subfield>
      <subfield code="6">370275</subfield>
    </datafield>
    <datafield tag="996" ind1="2" ind2="7">
      <subfield code="v">c</subfield>
      <subfield code="w">c</subfield>
      <subfield code="8">32ДЕУ12\419970620</subfield>
      <subfield code="r">преусмерено1997</subfield>
      <subfield code="6">370276</subfield>
    </datafield>
    <datafield tag="996" ind1="2" ind2="7">
      <subfield code="v">c</subfield>
      <subfield code="w">b</subfield>
      <subfield code="3">RSD 00,00</subfield>
      <subfield code="3">USD 30,00</subfield>
      <subfield code="8">31УСА02\419970626</subfield>
      <subfield code="r">преусмерено1997</subfield>
      <subfield code="6">370277</subfield>
    </datafield>
    <datafield tag="996" ind1="2" ind2="7">
      <subfield code="v">c</subfield>
      <subfield code="w">c</subfield>
      <subfield code="8">32ЛТУ01\419970620</subfield>
      <subfield code="r">преусмерено1997</subfield>
      <subfield code="6">370278</subfield>
    </datafield>
    <datafield tag="996" ind1="2" ind2="7">
      <subfield code="v">c</subfield>
      <subfield code="w">c</subfield>
      <subfield code="8">32ФРА05\419970620</subfield>
      <subfield code="r">преусмерено1997</subfield>
      <subfield code="6">370279</subfield>
    </datafield>
    <datafield tag="996" ind1="2" ind2="7">
      <subfield code="v">c</subfield>
      <subfield code="w">c</subfield>
      <subfield code="8">32КОР01\419970620</subfield>
      <subfield code="r">преусмерено1997</subfield>
      <subfield code="6">370280</subfield>
    </datafield>
    <datafield tag="996" ind1="2" ind2="7">
      <subfield code="v">c</subfield>
      <subfield code="w">b</subfield>
      <subfield code="3">RSD 00,00</subfield>
      <subfield code="3">DEM 40,00</subfield>
      <subfield code="8">31ПОЛ03\419970626</subfield>
      <subfield code="r">преусмерено1997</subfield>
      <subfield code="6">370281</subfield>
    </datafield>
    <datafield tag="996" ind1="2" ind2="7">
      <subfield code="v">c</subfield>
      <subfield code="w">c</subfield>
      <subfield code="8">32ИТА02\419970620</subfield>
      <subfield code="r">преусмерено1997</subfield>
      <subfield code="6">370282</subfield>
    </datafield>
    <datafield tag="996" ind1="2" ind2="7">
      <subfield code="v">c</subfield>
      <subfield code="w">b</subfield>
      <subfield code="3">RSD 00,00</subfield>
      <subfield code="3">FRF 140,00</subfield>
      <subfield code="8">31ФРА04\419970707</subfield>
      <subfield code="r">преусмерено1997</subfield>
      <subfield code="6">370283</subfield>
    </datafield>
    <datafield tag="996" ind1="2" ind2="7">
      <subfield code="v">c</subfield>
      <subfield code="w">b</subfield>
      <subfield code="3">RSD 00,00</subfield>
      <subfield code="3">DEM 40,00</subfield>
      <subfield code="8">31РУС01\419970707</subfield>
      <subfield code="r">преусмерено1997</subfield>
      <subfield code="6">370284</subfield>
    </datafield>
    <datafield tag="996" ind1="2" ind2="7">
      <subfield code="v">c</subfield>
      <subfield code="w">b</subfield>
      <subfield code="3">RSD 00,00</subfield>
      <subfield code="3">DEM 40,00</subfield>
      <subfield code="8">31ДЕУ22\419970707</subfield>
      <subfield code="r">преусмерено1997</subfield>
      <subfield code="6">370285</subfield>
    </datafield>
    <datafield tag="996" ind1="2" ind2="7">
      <subfield code="v">c</subfield>
      <subfield code="w">b</subfield>
      <subfield code="3">RSD 00,00</subfield>
      <subfield code="3">DEM 40,00</subfield>
      <subfield code="8">31ДЕУ07\419970707</subfield>
      <subfield code="r">преусмерено1997</subfield>
      <subfield code="6">370286</subfield>
    </datafield>
    <datafield tag="996" ind1="2" ind2="7">
      <subfield code="v">c</subfield>
      <subfield code="w">b</subfield>
      <subfield code="3">RSD 00,00</subfield>
      <subfield code="3">DEM 40,00</subfield>
      <subfield code="8">31ХУН04\419970707</subfield>
      <subfield code="r">преусмерено1997</subfield>
      <subfield code="6">370287</subfield>
    </datafield>
    <datafield tag="996" ind1="2" ind2="7">
      <subfield code="v">c</subfield>
      <subfield code="w">b</subfield>
      <subfield code="3">RSD 00,00</subfield>
      <subfield code="3">DEM 40,00</subfield>
      <subfield code="8">31ПОЛ12\419970707</subfield>
      <subfield code="r">преусмерено1997</subfield>
      <subfield code="6">370288</subfield>
    </datafield>
    <datafield tag="996" ind1="2" ind2="7">
      <subfield code="v">a</subfield>
      <subfield code="w">c</subfield>
      <subfield code="8">32ФРА02\419971015</subfield>
      <subfield code="r">преусмерено1997</subfield>
      <subfield code="6">370289</subfield>
    </datafield>
    <datafield tag="996" ind1="2" ind2="7">
      <subfield code="v">a</subfield>
      <subfield code="w">c</subfield>
      <subfield code="8">32ГБР01\419980228</subfield>
      <subfield code="r">преусмерено1998</subfield>
      <subfield code="6">370290</subfield>
    </datafield>
    <datafield tag="996" ind1="2" ind2="7">
      <subfield code="v">a</subfield>
      <subfield code="w">c</subfield>
      <subfield code="8">32ДЕУ05\419980323</subfield>
      <subfield code="r">преусмерено1998</subfield>
      <subfield code="6">370291</subfield>
    </datafield>
    <datafield tag="996" ind1="2" ind2="7">
      <subfield code="v">a</subfield>
      <subfield code="w">b</subfield>
      <subfield code="3">RSD 150,00</subfield>
      <subfield code="3">USD 30,00</subfield>
      <subfield code="8">31УСА07\419980303</subfield>
      <subfield code="r">преусмерено1998</subfield>
      <subfield code="6">370292</subfield>
    </datafield>
    <datafield tag="996" ind1="2" ind2="7">
      <subfield code="v">a</subfield>
      <subfield code="w">b</subfield>
      <subfield code="3">RSD 200,00</subfield>
      <subfield code="3">USD 40,00</subfield>
      <subfield code="8">31УСА24\419980303</subfield>
      <subfield code="r">преусмерено1998</subfield>
      <subfield code="6">370293</subfield>
    </datafield>
    <datafield tag="996" ind1="2" ind2="7">
      <subfield code="v">a</subfield>
      <subfield code="w">b</subfield>
      <subfield code="3">RSD 200,00</subfield>
      <subfield code="3">DEM 35,00</subfield>
      <subfield code="8">31РУС10\419980404</subfield>
      <subfield code="r">преусмерено1998</subfield>
      <subfield code="6">370294</subfield>
    </datafield>
    <datafield tag="996" ind1="2" ind2="7">
      <subfield code="v">a</subfield>
      <subfield code="w">c</subfield>
      <subfield code="8">32ПОЛ06\419980424</subfield>
      <subfield code="r">преусмерено1998</subfield>
      <subfield code="6">370295</subfield>
    </datafield>
    <datafield tag="996" ind1="2" ind2="7">
      <subfield code="v">a</subfield>
      <subfield code="w">b</subfield>
      <subfield code="3">RSD 200,00</subfield>
      <subfield code="3">USD 30,00</subfield>
      <subfield code="8">31УСА20\419980808</subfield>
      <subfield code="r">преусмерено1998</subfield>
      <subfield code="6">370296</subfield>
    </datafield>
    <datafield tag="996" ind1=" " ind2="7">
      <subfield code="v">c</subfield>
      <subfield code="w">b</subfield>
      <subfield code="3">RSD 00,00</subfield>
      <subfield code="3">EUR 10,00</subfield>
      <subfield code="8">31ДЕУ11\420030404</subfield>
      <subfield code="r">преусмерено2003</subfield>
      <subfield code="6">370297</subfield>
    </datafield>
    <datafield tag="996" ind1=" " ind2="7">
      <subfield code="w">b</subfield>
      <subfield code="3">RSD 400,00</subfield>
      <subfield code="3">GBP 10,00</subfield>
      <subfield code="8">31ГБР03\420030808</subfield>
      <subfield code="r">преусмерено2003</subfield>
      <subfield code="6">370298</subfield>
    </datafield>
    <datafield tag="996" ind1=" " ind2="7">
      <subfield code="v">c</subfield>
      <subfield code="w">c</subfield>
      <subfield code="8">32ДЕУ19\420030922</subfield>
      <subfield code="r">преусмерено2003</subfield>
      <subfield code="6">370299</subfield>
    </datafield>
    <datafield tag="996" ind1=" " ind2="7">
      <subfield code="v">c</subfield>
      <subfield code="w">c</subfield>
      <subfield code="3">RSD 400,00</subfield>
      <subfield code="8">32ПОЛ07\420030922</subfield>
      <subfield code="r">преусмерено2003</subfield>
      <subfield code="6">370300</subfield>
    </datafield>
    <datafield tag="996" ind1=" " ind2="7">
      <subfield code="v">a</subfield>
      <subfield code="w">c</subfield>
      <subfield code="3">RSD 400,00</subfield>
      <subfield code="8">32ПОЛ03\420030922</subfield>
      <subfield code="r">преусмерено2003</subfield>
      <subfield code="6">370301</subfield>
    </datafield>
    <datafield tag="996" ind1=" " ind2="7">
      <subfield code="v">a</subfield>
      <subfield code="w">c</subfield>
      <subfield code="3">RSD 400,00</subfield>
      <subfield code="8">32ИТА11\420030922</subfield>
      <subfield code="r">преусмерено2003</subfield>
      <subfield code="6">370302</subfield>
    </datafield>
    <datafield tag="996" ind1=" " ind2="7">
      <subfield code="v">a</subfield>
      <subfield code="w">c</subfield>
      <subfield code="3">RSD 400,00</subfield>
      <subfield code="8">32РОМ01\420030922</subfield>
      <subfield code="r">преусмерено2003</subfield>
      <subfield code="6">370303</subfield>
    </datafield>
    <datafield tag="996" ind1=" " ind2="7">
      <subfield code="v">a</subfield>
      <subfield code="w">c</subfield>
      <subfield code="3">RSD 100,00</subfield>
      <subfield code="8">32ИТА13\420040922</subfield>
      <subfield code="r">преусмерено2004</subfield>
      <subfield code="6">370304</subfield>
    </datafield>
    <datafield tag="996" ind1=" " ind2="7">
      <subfield code="v">a</subfield>
      <subfield code="w">c</subfield>
      <subfield code="3">RSD 100,00</subfield>
      <subfield code="8">32ИТА12\420041122</subfield>
      <subfield code="r">преусмерено2004</subfield>
      <subfield code="6">370305</subfield>
    </datafield>
    <datafield tag="996" ind1=" " ind2="8">
      <subfield code="v">a</subfield>
      <subfield code="w">b</subfield>
      <subfield code="3">RSD 1.059,00</subfield>
      <subfield code="3">USD 16,00</subfield>
      <subfield code="8">31УСА12\420100404</subfield>
      <subfield code="r">преусмерено2010</subfield>
      <subfield code="6">370306</subfield>
    </datafield>
    <datafield tag="996" ind1=" " ind2="7">
      <subfield code="q">5</subfield>
      <subfield code="t">20160129</subfield>
      <subfield code="v">c</subfield>
      <subfield code="w">b</subfield>
      <subfield code="3">EUR 20,00</subfield>
      <subfield code="8">31СWЕ01\420160129</subfield>
      <subfield code="6">1646940</subfield>
    </datafield>
  </record>