
  <record>
    <datafield tag="000" ind1=" " ind2=" ">
      <subfield code="a">00101</subfield>
      <subfield code="b">1998061720160129</subfield>
      <subfield code="c">NBS::LJUBA</subfield>
      <subfield code="d">NBS::MARINAS</subfield>
      <subfield code="e">only</subfield>
      <subfield code="f">0</subfield>
      <subfield code="g">0000281605</subfield>
      <subfield code="o">20160129</subfield>
      <subfield code="p">NBS::MARINAS</subfield>
      <subfield code="x">65488908</subfield>
    </datafield>
	<datafield tag="856">
		<subfield code="u">http://www.digitalna.nb.rs/wb/NBS/Tematske_kolekcije/procvat_pismenosti/sabrana_dela_vuka_karadzica/II_146423_31</subfield>
	</datafield>
    <datafield tag="001" ind1=" " ind2=" ">
      <subfield code="a">c</subfield>
      <subfield code="b">a</subfield>
      <subfield code="c">m</subfield>
      <subfield code="d">0</subfield>
      <subfield code="7">vv</subfield>
    </datafield>
    <datafield tag="010" ind1=" " ind2=" ">
      <subfield code="a">86-07-01084-0</subfield>
    </datafield>
    <datafield tag="100" ind1=" " ind2=" ">
      <subfield code="c">1998</subfield>
      <subfield code="h">srp</subfield>
      <subfield code="i">b1</subfield>
      <subfield code="l">cb</subfield>
    </datafield>
    <datafield tag="101" ind1="2" ind2=" ">
      <subfield code="a">srp</subfield>
      <subfield code="c">bul</subfield>
      <subfield code="c">ger</subfield>
      <subfield code="c">rus</subfield>
    </datafield>
    <datafield tag="102" ind1=" " ind2=" ">
      <subfield code="a">srb</subfield>
      <subfield code="b">cs</subfield>
    </datafield>
    <datafield tag="105" ind1=" " ind2=" ">
      <subfield code="a">y</subfield>
      <subfield code="f">e</subfield>
    </datafield>
    <datafield tag="200" ind1="0" ind2=" ">
      <subfield code="a">Преписка</subfield>
      <subfield code="h">12</subfield>
      <subfield code="i">1859-1862.</subfield>
      <subfield code="f">Вук Стефановић Караџић</subfield>
      <subfield code="g">приредио Голуб Добрашиновић са сарадницима</subfield>
    </datafield>
    <datafield tag="210" ind1=" " ind2=" ">
      <subfield code="a">Београд</subfield>
      <subfield code="c">Просвета</subfield>
      <subfield code="d">1998</subfield>
      <subfield code="e">Београд</subfield>
      <subfield code="g">БИГЗ</subfield>
    </datafield>
    <datafield tag="215" ind1=" " ind2=" ">
      <subfield code="a">1211 стр.</subfield>
      <subfield code="d">23 цм</subfield>
    </datafield>
    <datafield tag="225" ind1="2" ind2=" ">
      <subfield code="a">Сабрана дела Вука Караџића</subfield>
      <subfield code="v">књ. 31</subfield>
    </datafield>
    <datafield tag="300" ind1="1" ind2=" ">
      <subfield code="a">"Издање о стогодишњици смрти Вука Стефановића Караџића, 1864-1964. и двестагодишњици његова рођења, 1787-1987." , прелим. стр.</subfield>
    </datafield>
    <datafield tag="300" ind1="1" ind2=" ">
      <subfield code="a">Тираж 3000.</subfield>
    </datafield>
    <datafield tag="600" ind1="0" ind2="1">
      <subfield code="a">Караџић</subfield>
      <subfield code="b">Вук Стефановић</subfield>
      <subfield code="f">1787-1864</subfield>
      <subfield code="w">Преписка</subfield>
    </datafield>
    <datafield tag="675" ind1=" " ind2=" ">
      <subfield code="a">886.1/.2-6</subfield>
      <subfield code="c">фик</subfield>
    </datafield>
    <datafield tag="700" ind1=" " ind2="1">
      <subfield code="a">Караџић</subfield>
      <subfield code="b">Вук Стефановић</subfield>
      <subfield code="4">070</subfield>
    </datafield>
    <datafield tag="702" ind1="0" ind2="1">
      <subfield code="a">Добрашиновић</subfield>
      <subfield code="b">Голуб</subfield>
      <subfield code="4">902</subfield>
    </datafield>
    <datafield tag="992" ind1=" " ind2=" ">
      <subfield code="b">9806п042,9806П065,9811и018,98обс302,98обсм302,д98101,ѕг,дљ,дбл,дск,днс, дпр,дцт,дјби,9811нд043,9811пц073,рс99x54,роб99,сц99x8,рс99x56, рс99x57,рс99x58,рс99x67,рс99x76,сц99x17,рс99x83,роб99,рс99x100,рс99x116, рс99x117,рс99x119,рс00x46,роб00,сц00x26,сц00x27,сц00x30,сц00x31,сц00x34, сц00x35,сц00x38,сц00x39,сц00x42,сц00x43,сц00x46,сц00x47,сц00x48,сц00x53, сц00x60,сц00x86,сц01x7,рс01x7,роб01,рс01x8,рс01x16,0301д022,пд03x3, ИД132153351,ИД138756359,рс03x34,сц03x58,рс03x56,сц03x117,сц03x128,сц03x129, сц04x128,сц04x129,kbstok3,rs16x04,</subfield>
    </datafield>
    <datafield tag="996" ind1="2" ind2="7">
      <subfield code="d">lМАГ\f2\n146423\s31</subfield>
      <subfield code="f">199813259</subfield>
      <subfield code="o">19981105</subfield>
      <subfield code="v">d</subfield>
      <subfield code="w">a</subfield>
      <subfield code="2">p98101sr</subfield>
      <subfield code="p">4</subfield>
      <subfield code="6">488622</subfield>
    </datafield>
    <datafield tag="996" ind1="0" ind2="7">
      <subfield code="d">lМАГ\f2\n146423\s31\dм</subfield>
      <subfield code="f">199813260</subfield>
      <subfield code="o">19981105</subfield>
      <subfield code="v">d</subfield>
      <subfield code="w">a</subfield>
      <subfield code="2">p98101sr</subfield>
      <subfield code="p">7</subfield>
      <subfield code="6">488623</subfield>
    </datafield>
    <datafield tag="996" ind1=" " ind2="7">
      <subfield code="d">lМАГ\f2\n146423\s31\dд</subfield>
      <subfield code="f">200300092</subfield>
      <subfield code="o">20030124</subfield>
      <subfield code="v">c</subfield>
      <subfield code="w">a</subfield>
      <subfield code="r">обавезни-п</subfield>
      <subfield code="p">4</subfield>
      <subfield code="6">488624</subfield>
    </datafield>
    <datafield tag="996" ind1="2" ind2="7">
      <subfield code="v">c</subfield>
      <subfield code="w">b</subfield>
      <subfield code="3">RSD 00,00</subfield>
      <subfield code="3">USD 40,00</subfield>
      <subfield code="8">31УСА13\419990505</subfield>
      <subfield code="r">преусмерено1999</subfield>
      <subfield code="6">488625</subfield>
    </datafield>
    <datafield tag="996" ind1="2" ind2="7">
      <subfield code="v">d</subfield>
      <subfield code="w">c</subfield>
      <subfield code="8">32ГБР01\419990525</subfield>
      <subfield code="r">преусмерено1999</subfield>
      <subfield code="6">488626</subfield>
    </datafield>
    <datafield tag="996" ind1="2" ind2="7">
      <subfield code="v">c</subfield>
      <subfield code="w">b</subfield>
      <subfield code="3">RSD 00,00</subfield>
      <subfield code="3">USD 40,00</subfield>
      <subfield code="8">31УСА07\419990606</subfield>
      <subfield code="r">преусмерено1999</subfield>
      <subfield code="6">488627</subfield>
    </datafield>
    <datafield tag="996" ind1="2" ind2="7">
      <subfield code="v">c</subfield>
      <subfield code="w">b</subfield>
      <subfield code="3">RSD 00,00</subfield>
      <subfield code="3">DEM 50,00</subfield>
      <subfield code="8">31ДЕУ34\419990606</subfield>
      <subfield code="r">преусмерено1999</subfield>
      <subfield code="6">488628</subfield>
    </datafield>
    <datafield tag="996" ind1="2" ind2="7">
      <subfield code="v">c</subfield>
      <subfield code="w">b</subfield>
      <subfield code="3">RSD 00,00</subfield>
      <subfield code="3">USD 40,00</subfield>
      <subfield code="8">31УСА24\419990606</subfield>
      <subfield code="r">преусмерено1999</subfield>
      <subfield code="6">488629</subfield>
    </datafield>
    <datafield tag="996" ind1="2" ind2="7">
      <subfield code="v">c</subfield>
      <subfield code="w">b</subfield>
      <subfield code="3">RSD 00,00</subfield>
      <subfield code="3">DEM 50,00</subfield>
      <subfield code="8">31РУС10\419990606</subfield>
      <subfield code="r">преусмерено1999</subfield>
      <subfield code="6">488630</subfield>
    </datafield>
    <datafield tag="996" ind1="2" ind2="7">
      <subfield code="v">c</subfield>
      <subfield code="w">b</subfield>
      <subfield code="3">RSD 00,00</subfield>
      <subfield code="3">USD 40,00</subfield>
      <subfield code="8">31УСА02\419990707</subfield>
      <subfield code="r">преусмерено1999</subfield>
      <subfield code="6">488631</subfield>
    </datafield>
    <datafield tag="996" ind1="2" ind2="7">
      <subfield code="v">c</subfield>
      <subfield code="w">c</subfield>
      <subfield code="8">32ФРА05\419990730</subfield>
      <subfield code="r">преусмерено1999</subfield>
      <subfield code="6">488632</subfield>
    </datafield>
    <datafield tag="996" ind1="2" ind2="7">
      <subfield code="v">c</subfield>
      <subfield code="w">b</subfield>
      <subfield code="3">RSD 00,00</subfield>
      <subfield code="3">DEM 50,00</subfield>
      <subfield code="8">31РУС01\419990909</subfield>
      <subfield code="r">преусмерено1999</subfield>
      <subfield code="6">488633</subfield>
    </datafield>
    <datafield tag="996" ind1="2" ind2="7">
      <subfield code="v">c</subfield>
      <subfield code="w">b</subfield>
      <subfield code="3">RSD 00,00</subfield>
      <subfield code="3">FRF 330,00</subfield>
      <subfield code="8">31ФРА04\419990110</subfield>
      <subfield code="r">преусмерено1999</subfield>
      <subfield code="6">488634</subfield>
    </datafield>
    <datafield tag="996" ind1="2" ind2="7">
      <subfield code="v">c</subfield>
      <subfield code="w">b</subfield>
      <subfield code="3">RSD 00,00</subfield>
      <subfield code="3">DEM 50,00</subfield>
      <subfield code="8">31ДЕУ07\419991111</subfield>
      <subfield code="r">преусмерено1999</subfield>
      <subfield code="6">488635</subfield>
    </datafield>
    <datafield tag="996" ind1="2" ind2="7">
      <subfield code="v">c</subfield>
      <subfield code="w">b</subfield>
      <subfield code="3">RSD 00,00</subfield>
      <subfield code="3">DEM 50,00</subfield>
      <subfield code="8">31ПОЛ12\419991111</subfield>
      <subfield code="r">преусмерено1999</subfield>
      <subfield code="6">488636</subfield>
    </datafield>
    <datafield tag="996" ind1="2" ind2="7">
      <subfield code="v">c</subfield>
      <subfield code="w">b</subfield>
      <subfield code="3">RSD 00,00</subfield>
      <subfield code="3">DEM 50,00</subfield>
      <subfield code="8">31ПОЛ03\419991111</subfield>
      <subfield code="r">преусмерено1999</subfield>
      <subfield code="6">488637</subfield>
    </datafield>
    <datafield tag="996" ind1="2" ind2="7">
      <subfield code="v">c</subfield>
      <subfield code="w">b</subfield>
      <subfield code="3">RSD 00,00</subfield>
      <subfield code="3">USD 40,00</subfield>
      <subfield code="8">31УСА20\420000606</subfield>
      <subfield code="r">преусмерено2000</subfield>
      <subfield code="6">488638</subfield>
    </datafield>
    <datafield tag="996" ind1="2" ind2="7">
      <subfield code="v">c</subfield>
      <subfield code="w">c</subfield>
      <subfield code="8">32ЦЗЕ01\420000727</subfield>
      <subfield code="r">преусмерено2000</subfield>
      <subfield code="6">488639</subfield>
    </datafield>
    <datafield tag="996" ind1="2" ind2="7">
      <subfield code="v">c</subfield>
      <subfield code="w">c</subfield>
      <subfield code="8">32КОР01\420000727</subfield>
      <subfield code="r">преусмерено2000</subfield>
      <subfield code="6">488640</subfield>
    </datafield>
    <datafield tag="996" ind1="2" ind2="7">
      <subfield code="v">c</subfield>
      <subfield code="w">c</subfield>
      <subfield code="8">32ЕСП01\420000727</subfield>
      <subfield code="r">преусмерено2000</subfield>
      <subfield code="6">488641</subfield>
    </datafield>
    <datafield tag="996" ind1="2" ind2="7">
      <subfield code="v">c</subfield>
      <subfield code="w">c</subfield>
      <subfield code="8">32ИТА08\420000727</subfield>
      <subfield code="r">преусмерено2000</subfield>
      <subfield code="6">488642</subfield>
    </datafield>
    <datafield tag="996" ind1="2" ind2="7">
      <subfield code="v">c</subfield>
      <subfield code="w">c</subfield>
      <subfield code="8">32ДЕУ05\420000727</subfield>
      <subfield code="r">преусмерено2000</subfield>
      <subfield code="6">488643</subfield>
    </datafield>
    <datafield tag="996" ind1="2" ind2="7">
      <subfield code="v">c</subfield>
      <subfield code="w">c</subfield>
      <subfield code="8">32ДЕУ15\420000727</subfield>
      <subfield code="r">преусмерено2000</subfield>
      <subfield code="6">488644</subfield>
    </datafield>
    <datafield tag="996" ind1="2" ind2="7">
      <subfield code="v">c</subfield>
      <subfield code="w">c</subfield>
      <subfield code="8">32ПОЛ04\420000727</subfield>
      <subfield code="r">преусмерено2000</subfield>
      <subfield code="6">488645</subfield>
    </datafield>
    <datafield tag="996" ind1="2" ind2="7">
      <subfield code="v">c</subfield>
      <subfield code="w">c</subfield>
      <subfield code="8">32ПОЛ06\420000727</subfield>
      <subfield code="r">преусмерено2000</subfield>
      <subfield code="6">488646</subfield>
    </datafield>
    <datafield tag="996" ind1="2" ind2="7">
      <subfield code="v">c</subfield>
      <subfield code="w">c</subfield>
      <subfield code="8">32ИТА06\420000727</subfield>
      <subfield code="r">преусмерено2000</subfield>
      <subfield code="6">488647</subfield>
    </datafield>
    <datafield tag="996" ind1="2" ind2="7">
      <subfield code="v">c</subfield>
      <subfield code="w">c</subfield>
      <subfield code="8">32ИТА02\420000727</subfield>
      <subfield code="r">преусмерено2000</subfield>
      <subfield code="6">488648</subfield>
    </datafield>
    <datafield tag="996" ind1="2" ind2="7">
      <subfield code="v">c</subfield>
      <subfield code="w">c</subfield>
      <subfield code="8">32ДЕУ04\420000727</subfield>
      <subfield code="r">преусмерено2000</subfield>
      <subfield code="6">488649</subfield>
    </datafield>
    <datafield tag="996" ind1="2" ind2="7">
      <subfield code="v">c</subfield>
      <subfield code="w">c</subfield>
      <subfield code="8">32ДЕУ12\420000727</subfield>
      <subfield code="r">преусмерено2000</subfield>
      <subfield code="6">488650</subfield>
    </datafield>
    <datafield tag="996" ind1="2" ind2="7">
      <subfield code="v">c</subfield>
      <subfield code="w">c</subfield>
      <subfield code="8">32ИТА07\420000727</subfield>
      <subfield code="r">преусмерено2000</subfield>
      <subfield code="6">488651</subfield>
    </datafield>
    <datafield tag="996" ind1="2" ind2="7">
      <subfield code="v">c</subfield>
      <subfield code="w">c</subfield>
      <subfield code="8">32ЛТУ01\420000727</subfield>
      <subfield code="r">преусмерено2000</subfield>
      <subfield code="6">488652</subfield>
    </datafield>
    <datafield tag="996" ind1="2" ind2="7">
      <subfield code="v">c</subfield>
      <subfield code="w">c</subfield>
      <subfield code="8">32ЦХН01\420000727</subfield>
      <subfield code="r">преусмерено2000</subfield>
      <subfield code="6">488653</subfield>
    </datafield>
    <datafield tag="996" ind1="2" ind2="7">
      <subfield code="v">c</subfield>
      <subfield code="w">c</subfield>
      <subfield code="8">32ХУН01\420000727</subfield>
      <subfield code="r">преусмерено2000</subfield>
      <subfield code="6">488654</subfield>
    </datafield>
    <datafield tag="996" ind1="2" ind2="7">
      <subfield code="v">c</subfield>
      <subfield code="w">c</subfield>
      <subfield code="8">32ФРА02\420000922</subfield>
      <subfield code="r">преусмерено2000</subfield>
      <subfield code="6">488655</subfield>
    </datafield>
    <datafield tag="996" ind1="2" ind2="7">
      <subfield code="v">c</subfield>
      <subfield code="w">c</subfield>
      <subfield code="8">32УСА03\420001122</subfield>
      <subfield code="r">преусмерено2000</subfield>
      <subfield code="6">488656</subfield>
    </datafield>
    <datafield tag="996" ind1="2" ind2="7">
      <subfield code="v">c</subfield>
      <subfield code="w">c</subfield>
      <subfield code="8">32ФИН01\420010119</subfield>
      <subfield code="r">преусмерено2001</subfield>
      <subfield code="6">488657</subfield>
    </datafield>
    <datafield tag="996" ind1="2" ind2="7">
      <subfield code="v">c</subfield>
      <subfield code="w">b</subfield>
      <subfield code="3">RSD 00,00</subfield>
      <subfield code="3">DEM 50,00</subfield>
      <subfield code="8">31ХУН04\420010110</subfield>
      <subfield code="r">преусмерено2001</subfield>
      <subfield code="6">488658</subfield>
    </datafield>
    <datafield tag="996" ind1="2" ind2="7">
      <subfield code="v">c</subfield>
      <subfield code="w">b</subfield>
      <subfield code="3">RSD 00,00</subfield>
      <subfield code="3">DEM 50,00</subfield>
      <subfield code="8">31БГР01\420010110</subfield>
      <subfield code="r">преусмерено2001</subfield>
      <subfield code="6">488659</subfield>
    </datafield>
    <datafield tag="996" ind1="2" ind2="7">
      <subfield code="v">c</subfield>
      <subfield code="w">b</subfield>
      <subfield code="3">RSD 00,00</subfield>
      <subfield code="3">DEM 50,00</subfield>
      <subfield code="8">31ДЕУ22\420010202</subfield>
      <subfield code="r">преусмерено2001</subfield>
      <subfield code="6">488660</subfield>
    </datafield>
    <datafield tag="996" ind1=" " ind2="7">
      <subfield code="v">c</subfield>
      <subfield code="w">b</subfield>
      <subfield code="3">RSD 00,00</subfield>
      <subfield code="3">EUR 10,00</subfield>
      <subfield code="8">31ДЕУ11\420030404</subfield>
      <subfield code="r">преусмерено2003</subfield>
      <subfield code="6">488661</subfield>
    </datafield>
    <datafield tag="996" ind1=" " ind2="7">
      <subfield code="v">c</subfield>
      <subfield code="w">c</subfield>
      <subfield code="8">32ПОЛ07\420030520</subfield>
      <subfield code="r">преусмерено2003</subfield>
      <subfield code="6">488662</subfield>
    </datafield>
    <datafield tag="996" ind1=" " ind2="7">
      <subfield code="v">c</subfield>
      <subfield code="w">c</subfield>
      <subfield code="8">32СВК01\420030520</subfield>
      <subfield code="r">преусмерено2003</subfield>
      <subfield code="6">488663</subfield>
    </datafield>
    <datafield tag="996" ind1=" " ind2="7">
      <subfield code="v">c</subfield>
      <subfield code="w">c</subfield>
      <subfield code="8">32ДЕУ19\420030620</subfield>
      <subfield code="r">преусмерено2003</subfield>
      <subfield code="6">488664</subfield>
    </datafield>
    <datafield tag="996" ind1=" " ind2="7">
      <subfield code="v">c</subfield>
      <subfield code="w">b</subfield>
      <subfield code="3">RSD 00,00</subfield>
      <subfield code="3">GBP 17,00</subfield>
      <subfield code="8">31ГБР03\420030606</subfield>
      <subfield code="r">преусмерено2003</subfield>
      <subfield code="6">488665</subfield>
    </datafield>
    <datafield tag="996" ind1=" " ind2="7">
      <subfield code="v">c</subfield>
      <subfield code="w">c</subfield>
      <subfield code="3">RSD 400,00</subfield>
      <subfield code="8">32ДЕУ01\420030922</subfield>
      <subfield code="r">преусмерено2003</subfield>
      <subfield code="6">488666</subfield>
    </datafield>
    <datafield tag="996" ind1=" " ind2="7">
      <subfield code="v">c</subfield>
      <subfield code="w">c</subfield>
      <subfield code="3">RSD 400,00</subfield>
      <subfield code="8">32ИТА11\420030922</subfield>
      <subfield code="r">преусмерено2003</subfield>
      <subfield code="6">488667</subfield>
    </datafield>
    <datafield tag="996" ind1=" " ind2="7">
      <subfield code="v">c</subfield>
      <subfield code="w">c</subfield>
      <subfield code="3">RSD 400,00</subfield>
      <subfield code="8">32РОМ01\420030922</subfield>
      <subfield code="r">преусмерено2003</subfield>
      <subfield code="6">488668</subfield>
    </datafield>
    <datafield tag="996" ind1=" " ind2="7">
      <subfield code="v">a</subfield>
      <subfield code="w">c</subfield>
      <subfield code="3">RSD 400,00</subfield>
      <subfield code="8">32ИТА12\420040820</subfield>
      <subfield code="r">преусмерено2004</subfield>
      <subfield code="6">488669</subfield>
    </datafield>
    <datafield tag="996" ind1=" " ind2="7">
      <subfield code="v">a</subfield>
      <subfield code="w">c</subfield>
      <subfield code="3">RSD 400,00</subfield>
      <subfield code="8">32ИТА13\420040820</subfield>
      <subfield code="r">преусмерено2004</subfield>
      <subfield code="6">488670</subfield>
    </datafield>
    <datafield tag="996" ind1=" " ind2="7">
      <subfield code="q">5</subfield>
      <subfield code="t">20160129</subfield>
      <subfield code="v">c</subfield>
      <subfield code="w">b</subfield>
      <subfield code="3">EUR 25,00</subfield>
      <subfield code="8">31СWЕ01\420160129</subfield>
      <subfield code="6">1646937</subfield>
    </datafield>
  </record>