
  <record>
    <datafield tag="000" ind1=" " ind2=" ">
      <subfield code="a">00101</subfield>
      <subfield code="b">1996060320160129</subfield>
      <subfield code="c">NBS::KOZLINA-OLD</subfield>
      <subfield code="d">NBS::MARINAS</subfield>
      <subfield code="e">only</subfield>
      <subfield code="f">0</subfield>
      <subfield code="g">0000210269</subfield>
      <subfield code="o">20160129</subfield>
      <subfield code="p">NBS::MARINAS</subfield>
      <subfield code="x">47226892</subfield>
    </datafield>
	<datafield tag="856">
		<subfield code="u">http://www.digitalna.nb.rs/wb/NBS/Tematske_kolekcije/procvat_pismenosti/sabrana_dela_vuka_karadzica/II_146423_29</subfield>
	</datafield>
    <datafield tag="001" ind1=" " ind2=" ">
      <subfield code="a">c</subfield>
      <subfield code="b">a</subfield>
      <subfield code="c">m</subfield>
      <subfield code="d">0</subfield>
      <subfield code="7">vv</subfield>
    </datafield>
    <datafield tag="010" ind1=" " ind2=" ">
      <subfield code="a">86-07-00776-9</subfield>
    </datafield>
    <datafield tag="010" ind1=" " ind2=" ">
      <subfield code="a">86-07-00980-X</subfield>
    </datafield>
    <datafield tag="100" ind1=" " ind2=" ">
      <subfield code="c">1996</subfield>
      <subfield code="h">srp</subfield>
      <subfield code="i">b1</subfield>
      <subfield code="l">cb</subfield>
    </datafield>
    <datafield tag="101" ind1="0" ind2=" ">
      <subfield code="a">srp</subfield>
    </datafield>
    <datafield tag="102" ind1=" " ind2=" ">
      <subfield code="a">srb</subfield>
      <subfield code="b">cs</subfield>
    </datafield>
    <datafield tag="105" ind1=" " ind2=" ">
      <subfield code="a">y</subfield>
    </datafield>
    <datafield tag="200" ind1="1" ind2=" ">
      <subfield code="a">Преписка</subfield>
      <subfield code="h">10</subfield>
      <subfield code="i">1853-1854</subfield>
      <subfield code="f">Вук Стеф. Караџић</subfield>
      <subfield code="g">приредио Голуб Добрашиновић са сарадницима</subfield>
    </datafield>
    <datafield tag="210" ind1=" " ind2=" ">
      <subfield code="a">Београд</subfield>
      <subfield code="c">Просвета</subfield>
      <subfield code="d">1996</subfield>
    </datafield>
    <datafield tag="215" ind1=" " ind2=" ">
      <subfield code="a">722 стр.</subfield>
      <subfield code="d">23 цм</subfield>
    </datafield>
    <datafield tag="225" ind1="2" ind2=" ">
      <subfield code="a">Сабрана дела Вука Караџића</subfield>
      <subfield code="v">књ. 29</subfield>
    </datafield>
    <datafield tag="300" ind1="1" ind2=" ">
      <subfield code="a">"Издање о стогодишњици смрти Вука Стефановића Караџића, 1864-1964 и двестагодишњици његова рођења, 1787-1987" , прелим стр.</subfield>
    </datafield>
    <datafield tag="300" ind1="1" ind2=" ">
      <subfield code="a">Подаци о аутору преузети са кор.</subfield>
    </datafield>
    <datafield tag="300" ind1="1" ind2=" ">
      <subfield code="a">Тираж 3000.</subfield>
    </datafield>
    <datafield tag="600" ind1="0" ind2="1">
      <subfield code="a">Караџић</subfield>
      <subfield code="b">Вук Стефановић</subfield>
      <subfield code="f">1787-1864</subfield>
      <subfield code="w">Преписка</subfield>
    </datafield>
    <datafield tag="675" ind1=" " ind2=" ">
      <subfield code="a">886.1/.2-6</subfield>
      <subfield code="c">фик</subfield>
    </datafield>
    <datafield tag="700" ind1=" " ind2="1">
      <subfield code="a">Караџић</subfield>
      <subfield code="b">Вук Стефановић</subfield>
      <subfield code="4">070</subfield>
    </datafield>
    <datafield tag="702" ind1="0" ind2="1">
      <subfield code="a">Добрашиновић</subfield>
      <subfield code="b">Голуб</subfield>
      <subfield code="4">902</subfield>
    </datafield>
    <datafield tag="992" ind1=" " ind2=" ">
      <subfield code="b">9606п055,9606кп048,9606п078,9610нд052,9610КНД047,9611пц073,9704м030,сц97x10, сц97x11,сц97x13,рс97x32,сц97x14,рс97x36,сц97x16,рс97x38,сц97x18,сц97x20, сц97x22,рс97x46,сц97x52,рс97x47,рс97x54,рс97x56,рс97x58,рс97x63,рс97x64, рс97x76,рс98x48,фрони1, сц97x23,сц97x24,сц97x26,рс97x39,сц97x29,сц97x34,рс97x40,сц97x39,сц97x41,сц9 7x42,сц98x20,сц98x23,рс98x37,сц98x73,0301д022,пд03x3,ИД109395975,рс03x34, 0305дц022,пц03x6,сц03x68,сц03x80,рс03x77,сц03x95,сц03x128,сц04x158,сц04x180, рс10x23,рс10x131,сц10x41,рс10x163,сц10x96,сц10x135,kbstok3,rs16x04,</subfield>
    </datafield>
    <datafield tag="996" ind1="0" ind2="7">
      <subfield code="d">lМАГ\f2\n146423\s29</subfield>
      <subfield code="f">199605362</subfield>
      <subfield code="p">4</subfield>
      <subfield code="6">351523</subfield>
    </datafield>
    <datafield tag="996" ind1=" " ind2="7">
      <subfield code="d">lМАГ\f2\n146423\s29\dд</subfield>
      <subfield code="f">200300091</subfield>
      <subfield code="o">20030124</subfield>
      <subfield code="v">c</subfield>
      <subfield code="w">a</subfield>
      <subfield code="r">обавезни-п</subfield>
      <subfield code="p">4</subfield>
      <subfield code="6">351524</subfield>
    </datafield>
    <datafield tag="996" ind1=" " ind2="7">
      <subfield code="d">lМАГ\f2\n146423\s29\dц</subfield>
      <subfield code="f">200301797</subfield>
      <subfield code="o">20030512</subfield>
      <subfield code="v">c</subfield>
      <subfield code="w">a</subfield>
      <subfield code="r">Министарство културе Србије</subfield>
      <subfield code="p">4</subfield>
      <subfield code="6">351525</subfield>
    </datafield>
    <datafield tag="996" ind1="2" ind2="7">
      <subfield code="v">c</subfield>
      <subfield code="w">c</subfield>
      <subfield code="8">32ЕСП01\419970430</subfield>
      <subfield code="r">преусмерено1997</subfield>
      <subfield code="6">351526</subfield>
    </datafield>
    <datafield tag="996" ind1="2" ind2="7">
      <subfield code="v">c</subfield>
      <subfield code="w">c</subfield>
      <subfield code="8">32ФРА02\419970430</subfield>
      <subfield code="r">преусмерено1997</subfield>
      <subfield code="6">351527</subfield>
    </datafield>
    <datafield tag="996" ind1="2" ind2="7">
      <subfield code="v">c</subfield>
      <subfield code="w">c</subfield>
      <subfield code="8">32ДЕУ04\419970430</subfield>
      <subfield code="r">преусмерено1997</subfield>
      <subfield code="6">351528</subfield>
    </datafield>
    <datafield tag="996" ind1="2" ind2="7">
      <subfield code="v">c</subfield>
      <subfield code="w">b</subfield>
      <subfield code="3">RSD 00,00</subfield>
      <subfield code="3">DEM 30,00</subfield>
      <subfield code="8">31БГР01\419970425</subfield>
      <subfield code="r">преусмерено1997</subfield>
      <subfield code="6">351529</subfield>
    </datafield>
    <datafield tag="996" ind1="2" ind2="7">
      <subfield code="v">c</subfield>
      <subfield code="w">c</subfield>
      <subfield code="8">32УСА03\419970430</subfield>
      <subfield code="r">преусмерено1997</subfield>
      <subfield code="6">351530</subfield>
    </datafield>
    <datafield tag="996" ind1="2" ind2="7">
      <subfield code="v">c</subfield>
      <subfield code="w">b</subfield>
      <subfield code="3">RSD 00,00</subfield>
      <subfield code="3">USD 30,00</subfield>
      <subfield code="8">31УСА13\419970525</subfield>
      <subfield code="r">преусмерено1997</subfield>
      <subfield code="6">351531</subfield>
    </datafield>
    <datafield tag="996" ind1="2" ind2="7">
      <subfield code="v">c</subfield>
      <subfield code="w">c</subfield>
      <subfield code="8">32ХУН01\419970522</subfield>
      <subfield code="r">преусмерено1997</subfield>
      <subfield code="6">351532</subfield>
    </datafield>
    <datafield tag="996" ind1="2" ind2="7">
      <subfield code="v">c</subfield>
      <subfield code="w">b</subfield>
      <subfield code="3">RSD 00,00</subfield>
      <subfield code="3">DEM 40,00</subfield>
      <subfield code="8">31ДЕУ34\419970525</subfield>
      <subfield code="r">преусмерено1997</subfield>
      <subfield code="6">351533</subfield>
    </datafield>
    <datafield tag="996" ind1="2" ind2="7">
      <subfield code="v">c</subfield>
      <subfield code="w">c</subfield>
      <subfield code="8">32ЦХН01\419970522</subfield>
      <subfield code="r">преусмерено1997</subfield>
      <subfield code="6">351534</subfield>
    </datafield>
    <datafield tag="996" ind1="2" ind2="7">
      <subfield code="v">c</subfield>
      <subfield code="w">c</subfield>
      <subfield code="8">32ИТА07\419970522</subfield>
      <subfield code="r">преусмерено1997</subfield>
      <subfield code="6">351535</subfield>
    </datafield>
    <datafield tag="996" ind1="2" ind2="7">
      <subfield code="v">a</subfield>
      <subfield code="w">c</subfield>
      <subfield code="8">32ИТА08\419970522</subfield>
      <subfield code="r">преусмерено1997</subfield>
      <subfield code="6">351536</subfield>
    </datafield>
    <datafield tag="996" ind1="2" ind2="7">
      <subfield code="v">c</subfield>
      <subfield code="w">c</subfield>
      <subfield code="8">32ИТА06\419970522</subfield>
      <subfield code="r">преусмерено1997</subfield>
      <subfield code="6">351537</subfield>
    </datafield>
    <datafield tag="996" ind1="2" ind2="7">
      <subfield code="v">c</subfield>
      <subfield code="w">c</subfield>
      <subfield code="8">32ДЕУ15\419970522</subfield>
      <subfield code="r">преусмерено1997</subfield>
      <subfield code="6">351538</subfield>
    </datafield>
    <datafield tag="996" ind1="2" ind2="7">
      <subfield code="v">a</subfield>
      <subfield code="w">c</subfield>
      <subfield code="8">32ПОЛ04\419970522</subfield>
      <subfield code="r">преусмерено1997</subfield>
      <subfield code="6">351539</subfield>
    </datafield>
    <datafield tag="996" ind1="2" ind2="7">
      <subfield code="v">c</subfield>
      <subfield code="w">b</subfield>
      <subfield code="3">RSD 00,00</subfield>
      <subfield code="3">RSD 150,00</subfield>
      <subfield code="8">31ЫУГ18\419970525</subfield>
      <subfield code="r">преусмерено1997</subfield>
      <subfield code="6">351540</subfield>
    </datafield>
    <datafield tag="996" ind1="2" ind2="7">
      <subfield code="v">a</subfield>
      <subfield code="w">c</subfield>
      <subfield code="8">32ФИН01\419970522</subfield>
      <subfield code="r">преусмерено1997</subfield>
      <subfield code="6">351541</subfield>
    </datafield>
    <datafield tag="996" ind1="2" ind2="7">
      <subfield code="v">c</subfield>
      <subfield code="w">c</subfield>
      <subfield code="8">32ДЕУ12\419970620</subfield>
      <subfield code="r">преусмерено1997</subfield>
      <subfield code="6">351542</subfield>
    </datafield>
    <datafield tag="996" ind1="2" ind2="7">
      <subfield code="v">c</subfield>
      <subfield code="w">b</subfield>
      <subfield code="3">RSD 00,00</subfield>
      <subfield code="3">USD 30,00</subfield>
      <subfield code="8">31УСА02\419970626</subfield>
      <subfield code="r">преусмерено1997</subfield>
      <subfield code="6">351543</subfield>
    </datafield>
    <datafield tag="996" ind1="2" ind2="7">
      <subfield code="v">c</subfield>
      <subfield code="w">c</subfield>
      <subfield code="8">32ЛТУ01\419970620</subfield>
      <subfield code="r">преусмерено1997</subfield>
      <subfield code="6">351544</subfield>
    </datafield>
    <datafield tag="996" ind1="2" ind2="7">
      <subfield code="v">c</subfield>
      <subfield code="w">c</subfield>
      <subfield code="8">32ФРА05\419970620</subfield>
      <subfield code="r">преусмерено1997</subfield>
      <subfield code="6">351545</subfield>
    </datafield>
    <datafield tag="996" ind1="2" ind2="7">
      <subfield code="v">b</subfield>
      <subfield code="w">c</subfield>
      <subfield code="8">32КОР01\419970620</subfield>
      <subfield code="r">преусмерено1997</subfield>
      <subfield code="6">351546</subfield>
    </datafield>
    <datafield tag="996" ind1="2" ind2="7">
      <subfield code="v">c</subfield>
      <subfield code="w">b</subfield>
      <subfield code="3">RSD 00,00</subfield>
      <subfield code="3">DEM 40,00</subfield>
      <subfield code="8">31ПОЛ03\419970626</subfield>
      <subfield code="r">преусмерено1997</subfield>
      <subfield code="6">351547</subfield>
    </datafield>
    <datafield tag="996" ind1="2" ind2="7">
      <subfield code="v">c</subfield>
      <subfield code="w">c</subfield>
      <subfield code="8">32ИТА02\419970620</subfield>
      <subfield code="r">преусмерено1997</subfield>
      <subfield code="6">351548</subfield>
    </datafield>
    <datafield tag="996" ind1="2" ind2="7">
      <subfield code="v">c</subfield>
      <subfield code="w">b</subfield>
      <subfield code="3">RSD 00,00</subfield>
      <subfield code="3">FRF 140,00</subfield>
      <subfield code="8">31ФРА04\419970707</subfield>
      <subfield code="r">преусмерено1997</subfield>
      <subfield code="6">351549</subfield>
    </datafield>
    <datafield tag="996" ind1="2" ind2="7">
      <subfield code="v">c</subfield>
      <subfield code="w">b</subfield>
      <subfield code="3">RSD 00,00</subfield>
      <subfield code="3">DEM 40,00</subfield>
      <subfield code="8">31РУС01\419970707</subfield>
      <subfield code="r">преусмерено1997</subfield>
      <subfield code="6">351550</subfield>
    </datafield>
    <datafield tag="996" ind1="2" ind2="7">
      <subfield code="v">c</subfield>
      <subfield code="w">b</subfield>
      <subfield code="3">RSD 00,00</subfield>
      <subfield code="3">DEM 40,00</subfield>
      <subfield code="8">31ДЕУ22\419970707</subfield>
      <subfield code="r">преусмерено1997</subfield>
      <subfield code="6">351551</subfield>
    </datafield>
    <datafield tag="996" ind1="2" ind2="7">
      <subfield code="v">c</subfield>
      <subfield code="w">b</subfield>
      <subfield code="3">RSD 00,00</subfield>
      <subfield code="3">DEM 40,00</subfield>
      <subfield code="8">31ДЕУ07\419970707</subfield>
      <subfield code="r">преусмерено1997</subfield>
      <subfield code="6">351552</subfield>
    </datafield>
    <datafield tag="996" ind1="2" ind2="7">
      <subfield code="v">c</subfield>
      <subfield code="w">b</subfield>
      <subfield code="3">RSD 00,00</subfield>
      <subfield code="3">DEM 40,00</subfield>
      <subfield code="8">31ХУН04\419970707</subfield>
      <subfield code="r">преусмерено1997</subfield>
      <subfield code="6">351553</subfield>
    </datafield>
    <datafield tag="996" ind1="2" ind2="7">
      <subfield code="v">c</subfield>
      <subfield code="w">b</subfield>
      <subfield code="3">RSD 00,00</subfield>
      <subfield code="3">DEM 40,00</subfield>
      <subfield code="8">31ПОЛ12\419970707</subfield>
      <subfield code="r">преусмерено1997</subfield>
      <subfield code="6">351554</subfield>
    </datafield>
    <datafield tag="996" ind1="2" ind2="7">
      <subfield code="v">c</subfield>
      <subfield code="w">b</subfield>
      <subfield code="3">RSD 00,00</subfield>
      <subfield code="3">USD 30,00</subfield>
      <subfield code="8">31УСА20\419970909</subfield>
      <subfield code="r">преусмерено1997</subfield>
      <subfield code="6">351555</subfield>
    </datafield>
    <datafield tag="996" ind1="2" ind2="7">
      <subfield code="v">c</subfield>
      <subfield code="w">c</subfield>
      <subfield code="8">32ГБР01\419980228</subfield>
      <subfield code="r">преусмерено1998</subfield>
      <subfield code="6">351556</subfield>
    </datafield>
    <datafield tag="996" ind1="2" ind2="7">
      <subfield code="v">c</subfield>
      <subfield code="w">c</subfield>
      <subfield code="8">32ДЕУ05\419980323</subfield>
      <subfield code="r">преусмерено1998</subfield>
      <subfield code="6">351557</subfield>
    </datafield>
    <datafield tag="996" ind1="2" ind2="7">
      <subfield code="v">a</subfield>
      <subfield code="w">b</subfield>
      <subfield code="3">RSD 150,00</subfield>
      <subfield code="3">USD 30,00</subfield>
      <subfield code="8">31УСА24\419980303</subfield>
      <subfield code="r">преусмерено1998</subfield>
      <subfield code="6">351558</subfield>
    </datafield>
    <datafield tag="996" ind1="2" ind2="7">
      <subfield code="v">a</subfield>
      <subfield code="w">b</subfield>
      <subfield code="3">RSD 150,00</subfield>
      <subfield code="3">DEM 30,00</subfield>
      <subfield code="8">31РУС10\419980404</subfield>
      <subfield code="r">преусмерено1998</subfield>
      <subfield code="6">351559</subfield>
    </datafield>
    <datafield tag="996" ind1="2" ind2="7">
      <subfield code="v">a</subfield>
      <subfield code="w">c</subfield>
      <subfield code="8">32ПОЛ06\419980424</subfield>
      <subfield code="r">преусмерено1998</subfield>
      <subfield code="6">351560</subfield>
    </datafield>
    <datafield tag="996" ind1=" " ind2="7">
      <subfield code="v">c</subfield>
      <subfield code="w">b</subfield>
      <subfield code="3">RSD 00,00</subfield>
      <subfield code="3">EUR 10,00</subfield>
      <subfield code="8">31ДЕУ11\420030404</subfield>
      <subfield code="r">преусмерено2003</subfield>
      <subfield code="6">351561</subfield>
    </datafield>
    <datafield tag="996" ind1=" " ind2="7">
      <subfield code="v">c</subfield>
      <subfield code="w">c</subfield>
      <subfield code="8">32ПОЛ07\420030620</subfield>
      <subfield code="r">преусмерено2003</subfield>
      <subfield code="6">351562</subfield>
    </datafield>
    <datafield tag="996" ind1=" " ind2="7">
      <subfield code="v">c</subfield>
      <subfield code="w">c</subfield>
      <subfield code="8">32РОМ01\420030722</subfield>
      <subfield code="r">преусмерено2003</subfield>
      <subfield code="6">351563</subfield>
    </datafield>
    <datafield tag="996" ind1=" " ind2="7">
      <subfield code="v">c</subfield>
      <subfield code="w">b</subfield>
      <subfield code="3">RSD 00,00</subfield>
      <subfield code="3">GBP 14,00</subfield>
      <subfield code="8">31ГБР03\420030707</subfield>
      <subfield code="r">преусмерено2003</subfield>
      <subfield code="6">351564</subfield>
    </datafield>
    <datafield tag="996" ind1=" " ind2="7">
      <subfield code="v">c</subfield>
      <subfield code="w">c</subfield>
      <subfield code="8">32ДЕУ19\420030922</subfield>
      <subfield code="r">преусмерено2003</subfield>
      <subfield code="6">351565</subfield>
    </datafield>
    <datafield tag="996" ind1=" " ind2="7">
      <subfield code="v">c</subfield>
      <subfield code="w">c</subfield>
      <subfield code="8">32ИТА11\420030922</subfield>
      <subfield code="r">преусмерено2003</subfield>
      <subfield code="6">351566</subfield>
    </datafield>
    <datafield tag="996" ind1=" " ind2="7">
      <subfield code="v">a</subfield>
      <subfield code="w">c</subfield>
      <subfield code="3">RSD 100,00</subfield>
      <subfield code="8">32ИТА13\420041022</subfield>
      <subfield code="r">преусмерено2004</subfield>
      <subfield code="6">351567</subfield>
    </datafield>
    <datafield tag="996" ind1=" " ind2="7">
      <subfield code="v">a</subfield>
      <subfield code="w">c</subfield>
      <subfield code="3">RSD 100,00</subfield>
      <subfield code="8">32ИТА12\420041122</subfield>
      <subfield code="r">преусмерено2004</subfield>
      <subfield code="6">351568</subfield>
    </datafield>
    <datafield tag="996" ind1=" " ind2="8">
      <subfield code="v">a</subfield>
      <subfield code="w">b</subfield>
      <subfield code="3">RSD 100,00</subfield>
      <subfield code="3">USD 16,00</subfield>
      <subfield code="8">31УСА12\420100404</subfield>
      <subfield code="r">преусмерено2010</subfield>
      <subfield code="6">351569</subfield>
    </datafield>
    <datafield tag="996" ind1=" " ind2="8">
      <subfield code="v">c</subfield>
      <subfield code="w">b</subfield>
      <subfield code="3">RSD 00,00</subfield>
      <subfield code="3">EUR 15,00</subfield>
      <subfield code="8">31РУС11\420100427</subfield>
      <subfield code="r">преусмерено2010</subfield>
      <subfield code="6">351570</subfield>
    </datafield>
    <datafield tag="996" ind1=" " ind2="8">
      <subfield code="v">a</subfield>
      <subfield code="w">c</subfield>
      <subfield code="3">RSD 100,00</subfield>
      <subfield code="8">32ХРВ01\420100604</subfield>
      <subfield code="r">преусмерено2010</subfield>
      <subfield code="6">351571</subfield>
    </datafield>
    <datafield tag="996" ind1=" " ind2="8">
      <subfield code="v">a</subfield>
      <subfield code="w">b</subfield>
      <subfield code="3">RSD 100,00</subfield>
      <subfield code="3">EUR 15,00</subfield>
      <subfield code="8">31ХУН05\420100726</subfield>
      <subfield code="r">преусмерено2010</subfield>
      <subfield code="6">351572</subfield>
    </datafield>
    <datafield tag="996" ind1=" " ind2="8">
      <subfield code="v">a</subfield>
      <subfield code="w">c</subfield>
      <subfield code="3">RSD 100,00</subfield>
      <subfield code="8">32ФРА05\420101112</subfield>
      <subfield code="r">преусмерено2010</subfield>
      <subfield code="6">351573</subfield>
    </datafield>
    <datafield tag="996" ind1=" " ind2="8">
      <subfield code="v">a</subfield>
      <subfield code="w">c</subfield>
      <subfield code="3">RSD 100,00</subfield>
      <subfield code="8">32ФРА12\420101124</subfield>
      <subfield code="r">преусмерено2010</subfield>
      <subfield code="6">351574</subfield>
    </datafield>
    <datafield tag="996" ind1=" " ind2="7">
      <subfield code="q">5</subfield>
      <subfield code="t">20160129</subfield>
      <subfield code="v">c</subfield>
      <subfield code="w">b</subfield>
      <subfield code="3">EUR 20,00</subfield>
      <subfield code="8">31СWЕ01\420160129</subfield>
      <subfield code="6">1646942</subfield>
    </datafield>
  </record>