
  <record>
    <datafield tag="000" ind1=" " ind2=" ">
      <subfield code="a">0011</subfield>
      <subfield code="b">2001041220151223</subfield>
      <subfield code="c">NBS::BRANA</subfield>
      <subfield code="d">NBS::MARINAS</subfield>
      <subfield code="e" />
      <subfield code="f">0</subfield>
      <subfield code="g">0000381191</subfield>
      <subfield code="j">20030513</subfield>
      <subfield code="p">NBS::MARINAS</subfield>
      <subfield code="o">20151223</subfield>
      <subfield code="x">174750215</subfield>
    </datafield>
	<datafield tag="856">
		<subfield code="u">http://www.digitalna.nb.rs/wb/NBS/Tematske_kolekcije/procvat_pismenosti/sabrana_dela_vuka_karadzica/II_146423_14</subfield>
	</datafield>
    <datafield tag="001" ind1=" " ind2=" ">
      <subfield code="a">c</subfield>
      <subfield code="b">a</subfield>
      <subfield code="c">m</subfield>
      <subfield code="d">0</subfield>
      <subfield code="7">vv</subfield>
    </datafield>
    <datafield tag="010" ind1=" " ind2=" ">
      <subfield code="a">86-07-01260-6</subfield>
    </datafield>
    <datafield tag="010" ind1=" " ind2=" ">
      <subfield code="a">86-07-00038-1</subfield>
      <subfield code="b">издавачка целина</subfield>
    </datafield>
    <datafield tag="100" ind1=" " ind2=" ">
      <subfield code="c">2001</subfield>
      <subfield code="h">srp</subfield>
      <subfield code="i">b1</subfield>
      <subfield code="l">cb</subfield>
    </datafield>
    <datafield tag="101" ind1="0" ind2=" ">
      <subfield code="a">srp</subfield>
      <subfield code="a">chu</subfield>
      <subfield code="a">ger</subfield>
    </datafield>
    <datafield tag="102" ind1=" " ind2=" ">
      <subfield code="a">srb</subfield>
      <subfield code="b">cs</subfield>
    </datafield>
    <datafield tag="105" ind1=" " ind2=" ">
      <subfield code="a">a</subfield>
    </datafield>
    <datafield tag="200" ind1="0" ind2=" ">
      <subfield code="a">О језику и књижевности</subfield>
      <subfield code="h">3, 1</subfield>
      <subfield code="f">Вук Стефановић Караџић</subfield>
      <subfield code="g">приредио Голуб Добрашиновић</subfield>
    </datafield>
    <datafield tag="210" ind1=" " ind2=" ">
      <subfield code="a">Београд</subfield>
      <subfield code="c">Просвета</subfield>
      <subfield code="d">2001</subfield>
      <subfield code="e">Београд</subfield>
      <subfield code="g">БИГЗ</subfield>
    </datafield>
    <datafield tag="215" ind1=" " ind2=" ">
      <subfield code="a">1088 стр., 7 стр. с факс.</subfield>
      <subfield code="c">илустр.</subfield>
      <subfield code="d">22 cm</subfield>
    </datafield>
    <datafield tag="225" ind1="2" ind2=" ">
      <subfield code="a">Сабрана дела Вука Стефановића Караџића</subfield>
      <subfield code="v">књ. 14</subfield>
    </datafield>
    <datafield tag="300" ind1="0" ind2=" ">
      <subfield code="a">Текст ћир. и лат.</subfield>
    </datafield>
    <datafield tag="300" ind1="0" ind2=" ">
      <subfield code="a">"Издање о стогодишњици смрти Вука Стефановића Караџића 1864-1964. и двестагодишњици његова рођења 1787-1987." , прелим.</subfield>
    </datafield>
    <datafield tag="300" ind1="0" ind2=" ">
      <subfield code="a">Ауторова слика</subfield>
    </datafield>
    <datafield tag="300" ind1="0" ind2=" ">
      <subfield code="a">Тираж 1.000</subfield>
    </datafield>
    <datafield tag="300" ind1="0" ind2=" ">
      <subfield code="a">Стр. 1086-1088: Реч на крају / Г.Голуб Д.Добрашиновић.</subfield>
    </datafield>
    <datafield tag="606" ind1="3" ind2=" ">
      <subfield code="a">Српска књижевност</subfield>
    </datafield>
    <datafield tag="606" ind1="3" ind2=" ">
      <subfield code="a">Српски језик</subfield>
    </datafield>
    <datafield tag="675" ind1=" " ind2=" ">
      <subfield code="a">808.61/.62</subfield>
      <subfield code="b">808</subfield>
      <subfield code="c">808</subfield>
    </datafield>
    <datafield tag="675" ind1=" " ind2=" ">
      <subfield code="a">821.163.41(091)</subfield>
      <subfield code="c">821.163.41</subfield>
    </datafield>
    <datafield tag="700" ind1=" " ind2="1">
      <subfield code="a">Караџић</subfield>
      <subfield code="b">Вук Стефановић</subfield>
      <subfield code="f">1787-1864</subfield>
      <subfield code="4">070</subfield>
    </datafield>
    <datafield tag="702" ind1="0" ind2="1">
      <subfield code="a">Добрашиновић</subfield>
      <subfield code="b">Голуб</subfield>
      <subfield code="4">010</subfield>
      <subfield code="4">080</subfield>
    </datafield>
    <datafield tag="830" ind1=" " ind2=" ">
      <subfield code="a">јоли</subfield>
    </datafield>
    <datafield tag="830" ind1=" " ind2=" ">
      <subfield code="a">нбс</subfield>
    </datafield>
    <datafield tag="992" ind1=" " ind2=" ">
      <subfield code="b">0104п050,0104кп049,0104П065,0111и018,01обс341,01обсм341,д01111,дф,др,дбл,дбгб, днс,дпр,дцт,дјби,инз,0111нд059,0112пц075,рс02x10,рс02x11,роб02,сц02x24, сц02x30,рс02x52,рс02x53,сц02x33,сц02x35,сц02x36,рс02x57,рс02x58,рс02x25, 0203и022,пд02x27,сц02x44,сц02x47,сц02x55,сц02x56,сц02x59,сц02x63,сц02x64, сц02x65,рс02x33,сц02x73,сц02x79,сц02x84,сц02x85,сц02x86,сц02x91,рс02x92, рс02x37,рс02x38,рс02x147,сц02x116,рс02x45,рс02x201,сц02x129,рс02x268,рс03x34, 0305хнд050,рс03x49,рс03x56,сц03x62,ИД90982924,рс03x85,сц03x95,сц03x96,сц03x 100,рс03x96,сц03x109,сц03x114,сц03x117,сц03x126,сц03x129,сц03x130,сц04x128, сц04x129,сц04x170,вдф,рс07x136,сц07x41,сц07x43,сц07x44,сц07x49,сц07x51, сц07x54,сц07x69,рс07x70,сц07x119,0811нд102,0903нд115,rs15x73,</subfield>
    </datafield>
    <datafield tag="996" ind1=" " ind2="7">
      <subfield code="d">lМАГ\f2\n146423\s14</subfield>
      <subfield code="f">100111808</subfield>
      <subfield code="o">20011122</subfield>
      <subfield code="v">d</subfield>
      <subfield code="w">a</subfield>
      <subfield code="2">p01111sr</subfield>
      <subfield code="p">4</subfield>
      <subfield code="6">1187751</subfield>
    </datafield>
    <datafield tag="996" ind1=" " ind2="7">
      <subfield code="d">lМАГ\f2\n146423\s14\dм</subfield>
      <subfield code="f">100111809</subfield>
      <subfield code="o">20011122</subfield>
      <subfield code="v">d</subfield>
      <subfield code="w">a</subfield>
      <subfield code="2">p01111sr</subfield>
      <subfield code="p">7</subfield>
      <subfield code="6">1187752</subfield>
    </datafield>
    <datafield tag="996" ind1=" " ind2="7">
      <subfield code="d">lМАГ\f2\n146423\s14\dд</subfield>
      <subfield code="f">200200800</subfield>
      <subfield code="o">20020305</subfield>
      <subfield code="v">c</subfield>
      <subfield code="w">a</subfield>
      <subfield code="r">преусмерено из размене</subfield>
      <subfield code="p">4</subfield>
      <subfield code="6">1187753</subfield>
    </datafield>
    <datafield tag="996" ind1=" " ind2="2">
      <subfield code="v">c</subfield>
      <subfield code="w">b</subfield>
      <subfield code="3">RSD 00,00</subfield>
      <subfield code="3">USD 25,00</subfield>
      <subfield code="8">31УСА24\420020110</subfield>
      <subfield code="r">преусмерено2002</subfield>
      <subfield code="6">1187754</subfield>
    </datafield>
    <datafield tag="996" ind1=" " ind2="2">
      <subfield code="v">c</subfield>
      <subfield code="w">b</subfield>
      <subfield code="3">RSD 00,00</subfield>
      <subfield code="3">DEM 50,00</subfield>
      <subfield code="8">31ДЕУ07\420020110</subfield>
      <subfield code="r">преусмерено2002</subfield>
      <subfield code="6">1187755</subfield>
    </datafield>
    <datafield tag="996" ind1=" " ind2="2">
      <subfield code="v">c</subfield>
      <subfield code="w">c</subfield>
      <subfield code="8">32ФРА02\420020122</subfield>
      <subfield code="r">преусмерено2002</subfield>
      <subfield code="6">1187756</subfield>
    </datafield>
    <datafield tag="996" ind1=" " ind2="2">
      <subfield code="v">c</subfield>
      <subfield code="w">c</subfield>
      <subfield code="8">32ДЕУ04\420020122</subfield>
      <subfield code="r">преусмерено2002</subfield>
      <subfield code="6">1187757</subfield>
    </datafield>
    <datafield tag="996" ind1=" " ind2="2">
      <subfield code="v">c</subfield>
      <subfield code="w">b</subfield>
      <subfield code="3">RSD 00,00</subfield>
      <subfield code="3">DEM 50,00</subfield>
      <subfield code="8">31ПОЛ12\420020125</subfield>
      <subfield code="r">преусмерено2002</subfield>
      <subfield code="6">1187758</subfield>
    </datafield>
    <datafield tag="996" ind1=" " ind2="2">
      <subfield code="v">c</subfield>
      <subfield code="w">b</subfield>
      <subfield code="3">RSD 00,00</subfield>
      <subfield code="3">EUR 25,00</subfield>
      <subfield code="8">31РУС10\420020215</subfield>
      <subfield code="r">преусмерено2002</subfield>
      <subfield code="6">1187759</subfield>
    </datafield>
    <datafield tag="996" ind1=" " ind2="2">
      <subfield code="v">c</subfield>
      <subfield code="w">c</subfield>
      <subfield code="8">32ГБР01\420020228</subfield>
      <subfield code="r">преусмерено2002</subfield>
      <subfield code="6">1187760</subfield>
    </datafield>
    <datafield tag="996" ind1=" " ind2="2">
      <subfield code="v">c</subfield>
      <subfield code="w">c</subfield>
      <subfield code="8">32ФРА05\420020228</subfield>
      <subfield code="r">преусмерено2002</subfield>
      <subfield code="6">1187761</subfield>
    </datafield>
    <datafield tag="996" ind1=" " ind2="2">
      <subfield code="v">c</subfield>
      <subfield code="w">c</subfield>
      <subfield code="8">32ЛТУ01\420020228</subfield>
      <subfield code="r">преусмерено2002</subfield>
      <subfield code="6">1187762</subfield>
    </datafield>
    <datafield tag="996" ind1=" " ind2="7">
      <subfield code="v">c</subfield>
      <subfield code="w">b</subfield>
      <subfield code="3">RSD 00,00</subfield>
      <subfield code="3">EUR 25,00</subfield>
      <subfield code="8">31БГР01\420020225</subfield>
      <subfield code="r">преусмерено2002</subfield>
      <subfield code="6">1187763</subfield>
    </datafield>
    <datafield tag="996" ind1=" " ind2="7">
      <subfield code="v">c</subfield>
      <subfield code="w">b</subfield>
      <subfield code="3">RSD 00,00</subfield>
      <subfield code="3">EUR 25,00</subfield>
      <subfield code="8">31РУС01\420020225</subfield>
      <subfield code="r">преусмерено2002</subfield>
      <subfield code="6">1187764</subfield>
    </datafield>
    <datafield tag="996" ind1=" " ind2="7">
      <subfield code="v">c</subfield>
      <subfield code="w">b</subfield>
      <subfield code="3">RSD 00,00</subfield>
      <subfield code="3">USD 25,00</subfield>
      <subfield code="8">31УСА13\420020220</subfield>
      <subfield code="r">преусмерено2002</subfield>
      <subfield code="6">1187765</subfield>
    </datafield>
    <datafield tag="996" ind1=" " ind2="7">
      <subfield code="v">c</subfield>
      <subfield code="w">c</subfield>
      <subfield code="8">32ИТА08\420020322</subfield>
      <subfield code="r">преусмерено2002</subfield>
      <subfield code="6">1187766</subfield>
    </datafield>
    <datafield tag="996" ind1=" " ind2="7">
      <subfield code="v">c</subfield>
      <subfield code="w">c</subfield>
      <subfield code="8">32ЦЗЕ01\420020322</subfield>
      <subfield code="r">преусмерено2002</subfield>
      <subfield code="6">1187767</subfield>
    </datafield>
    <datafield tag="996" ind1=" " ind2="7">
      <subfield code="v">c</subfield>
      <subfield code="w">c</subfield>
      <subfield code="8">32ИТА07\420020322</subfield>
      <subfield code="r">преусмерено2002</subfield>
      <subfield code="6">1187768</subfield>
    </datafield>
    <datafield tag="996" ind1=" " ind2="7">
      <subfield code="v">c</subfield>
      <subfield code="w">c</subfield>
      <subfield code="8">32ДЕУ15\420020322</subfield>
      <subfield code="r">преусмерено2002</subfield>
      <subfield code="6">1187769</subfield>
    </datafield>
    <datafield tag="996" ind1=" " ind2="7">
      <subfield code="v">c</subfield>
      <subfield code="w">c</subfield>
      <subfield code="8">32КОР01\420020322</subfield>
      <subfield code="r">преусмерено2002</subfield>
      <subfield code="6">1187770</subfield>
    </datafield>
    <datafield tag="996" ind1=" " ind2="7">
      <subfield code="v">c</subfield>
      <subfield code="w">c</subfield>
      <subfield code="8">32ДЕУ05\420020424</subfield>
      <subfield code="r">преусмерено2002</subfield>
      <subfield code="6">1187771</subfield>
    </datafield>
    <datafield tag="996" ind1=" " ind2="7">
      <subfield code="v">c</subfield>
      <subfield code="w">c</subfield>
      <subfield code="8">32ПОЛ04\420020424</subfield>
      <subfield code="r">преусмерено2002</subfield>
      <subfield code="6">1187772</subfield>
    </datafield>
    <datafield tag="996" ind1=" " ind2="7">
      <subfield code="v">c</subfield>
      <subfield code="w">c</subfield>
      <subfield code="8">32ПОЛ06\420020424</subfield>
      <subfield code="r">преусмерено2002</subfield>
      <subfield code="6">1187773</subfield>
    </datafield>
    <datafield tag="996" ind1=" " ind2="7">
      <subfield code="v">a</subfield>
      <subfield code="w">b</subfield>
      <subfield code="3">RSD 900,00</subfield>
      <subfield code="3">USD 25,00</subfield>
      <subfield code="8">31УСА07\420020303</subfield>
      <subfield code="r">преусмерено2002</subfield>
      <subfield code="6">1187774</subfield>
    </datafield>
    <datafield tag="996" ind1=" " ind2="7">
      <subfield code="v">a</subfield>
      <subfield code="w">c</subfield>
      <subfield code="8">32ХУН01\420020424</subfield>
      <subfield code="r">преусмерено2002</subfield>
      <subfield code="6">1187775</subfield>
    </datafield>
    <datafield tag="996" ind1=" " ind2="7">
      <subfield code="v">a</subfield>
      <subfield code="w">c</subfield>
      <subfield code="8">32ФИН01\420020424</subfield>
      <subfield code="r">преусмерено2002</subfield>
      <subfield code="6">1187776</subfield>
    </datafield>
    <datafield tag="996" ind1=" " ind2="7">
      <subfield code="v">a</subfield>
      <subfield code="w">c</subfield>
      <subfield code="8">32УСА03\420020424</subfield>
      <subfield code="r">преусмерено2002</subfield>
      <subfield code="6">1187777</subfield>
    </datafield>
    <datafield tag="996" ind1=" " ind2="7">
      <subfield code="v">a</subfield>
      <subfield code="w">c</subfield>
      <subfield code="8">32ИТА02\420020424</subfield>
      <subfield code="r">преусмерено2002</subfield>
      <subfield code="6">1187778</subfield>
    </datafield>
    <datafield tag="996" ind1=" " ind2="7">
      <subfield code="v">a</subfield>
      <subfield code="w">c</subfield>
      <subfield code="8">32ИТА06\420020424</subfield>
      <subfield code="r">преусмерено2002</subfield>
      <subfield code="6">1187779</subfield>
    </datafield>
    <datafield tag="996" ind1=" " ind2="7">
      <subfield code="v">a</subfield>
      <subfield code="w">c</subfield>
      <subfield code="8">32ДЕУ12\420020424</subfield>
      <subfield code="r">преусмерено2002</subfield>
      <subfield code="6">1187780</subfield>
    </datafield>
    <datafield tag="996" ind1=" " ind2="7">
      <subfield code="v">a</subfield>
      <subfield code="w">b</subfield>
      <subfield code="3">RSD 900,00</subfield>
      <subfield code="3">EUR 00,00</subfield>
      <subfield code="8">31ЫУГ18\420020430</subfield>
      <subfield code="r">преусмерено2002</subfield>
      <subfield code="6">1187781</subfield>
    </datafield>
    <datafield tag="996" ind1=" " ind2="7">
      <subfield code="v">a</subfield>
      <subfield code="w">b</subfield>
      <subfield code="3">RSD 900,00</subfield>
      <subfield code="3">USD 25,00</subfield>
      <subfield code="8">31УСА02\420020404</subfield>
      <subfield code="r">преусмерено2002</subfield>
      <subfield code="6">1187782</subfield>
    </datafield>
    <datafield tag="996" ind1=" " ind2="7">
      <subfield code="v">c</subfield>
      <subfield code="w">b</subfield>
      <subfield code="3">RSD 900,00</subfield>
      <subfield code="3">EUR 25,00</subfield>
      <subfield code="8">31ФРА04\420020404</subfield>
      <subfield code="r">преусмерено2002</subfield>
      <subfield code="6">1187783</subfield>
    </datafield>
    <datafield tag="996" ind1=" " ind2="7">
      <subfield code="v">c</subfield>
      <subfield code="w">b</subfield>
      <subfield code="3">RSD 00,00</subfield>
      <subfield code="3">EUR 25,00</subfield>
      <subfield code="8">31ПОЛ03\420020515</subfield>
      <subfield code="r">преусмерено2002</subfield>
      <subfield code="6">1187784</subfield>
    </datafield>
    <datafield tag="996" ind1=" " ind2="7">
      <subfield code="v">a</subfield>
      <subfield code="w">c</subfield>
      <subfield code="8">32ЕСП01\420020520</subfield>
      <subfield code="r">преусмерено2002</subfield>
      <subfield code="6">1187785</subfield>
    </datafield>
    <datafield tag="996" ind1=" " ind2="7">
      <subfield code="v">c</subfield>
      <subfield code="w">b</subfield>
      <subfield code="3">RSD 00,00</subfield>
      <subfield code="3">EUR 25,00</subfield>
      <subfield code="8">31ДЕУ34\420020606</subfield>
      <subfield code="r">преусмерено2002</subfield>
      <subfield code="6">1187786</subfield>
    </datafield>
    <datafield tag="996" ind1=" " ind2="7">
      <subfield code="v">c</subfield>
      <subfield code="w">b</subfield>
      <subfield code="3">RSD 00,00</subfield>
      <subfield code="3">USD 25,00</subfield>
      <subfield code="8">31УСА20\420020606</subfield>
      <subfield code="r">преусмерено2002</subfield>
      <subfield code="6">1187787</subfield>
    </datafield>
    <datafield tag="996" ind1=" " ind2="7">
      <subfield code="v">c</subfield>
      <subfield code="w">c</subfield>
      <subfield code="8">32ЦХН01\420020626</subfield>
      <subfield code="r">преусмерено2002</subfield>
      <subfield code="6">1187788</subfield>
    </datafield>
    <datafield tag="996" ind1=" " ind2="7">
      <subfield code="v">c</subfield>
      <subfield code="w">b</subfield>
      <subfield code="3">RSD 00,00</subfield>
      <subfield code="3">EUR 25,00</subfield>
      <subfield code="8">31ДЕУ22\420020830</subfield>
      <subfield code="r">преусмерено2002</subfield>
      <subfield code="6">1187789</subfield>
    </datafield>
    <datafield tag="996" ind1=" " ind2="7">
      <subfield code="v">c</subfield>
      <subfield code="w">b</subfield>
      <subfield code="3">RSD 00,00</subfield>
      <subfield code="3">EUR 10,00</subfield>
      <subfield code="8">31ДЕУ11\420030404</subfield>
      <subfield code="r">преусмерено2003</subfield>
      <subfield code="6">1187790</subfield>
    </datafield>
    <datafield tag="996" ind1=" " ind2="7">
      <subfield code="v">c</subfield>
      <subfield code="w">b</subfield>
      <subfield code="3">RSD 00,00</subfield>
      <subfield code="3">EUR 25,00</subfield>
      <subfield code="8">31АУТ05\420030505</subfield>
      <subfield code="r">преусмерено2003</subfield>
      <subfield code="6">1187791</subfield>
    </datafield>
    <datafield tag="996" ind1=" " ind2="7">
      <subfield code="v">c</subfield>
      <subfield code="w">b</subfield>
      <subfield code="3">RSD 00,00</subfield>
      <subfield code="3">GBP 17,00</subfield>
      <subfield code="8">31ГБР03\420030606</subfield>
      <subfield code="r">преусмерено2003</subfield>
      <subfield code="6">1187792</subfield>
    </datafield>
    <datafield tag="996" ind1=" " ind2="7">
      <subfield code="v">c</subfield>
      <subfield code="w">c</subfield>
      <subfield code="8">32ИТА11\420030620</subfield>
      <subfield code="r">преусмерено2003</subfield>
      <subfield code="6">1187793</subfield>
    </datafield>
    <datafield tag="996" ind1=" " ind2="7">
      <subfield code="v">a</subfield>
      <subfield code="w">b</subfield>
      <subfield code="3">RSD 900,00</subfield>
      <subfield code="3">USD 25,00</subfield>
      <subfield code="8">31УСА19\420030808</subfield>
      <subfield code="r">преусмерено2003</subfield>
      <subfield code="6">1187794</subfield>
    </datafield>
    <datafield tag="996" ind1=" " ind2="7">
      <subfield code="v">a</subfield>
      <subfield code="w">c</subfield>
      <subfield code="3">RSD 900,00</subfield>
      <subfield code="8">32ДЕУ19\420030922</subfield>
      <subfield code="r">преусмерено2003</subfield>
      <subfield code="6">1187795</subfield>
    </datafield>
    <datafield tag="996" ind1=" " ind2="7">
      <subfield code="v">a</subfield>
      <subfield code="w">c</subfield>
      <subfield code="3">RSD 900,00</subfield>
      <subfield code="8">32БЛР01\420030922</subfield>
      <subfield code="r">преусмерено2003</subfield>
      <subfield code="6">1187796</subfield>
    </datafield>
    <datafield tag="996" ind1=" " ind2="7">
      <subfield code="v">a</subfield>
      <subfield code="w">c</subfield>
      <subfield code="3">RSD 900,00</subfield>
      <subfield code="8">32ПОЛ07\420030922</subfield>
      <subfield code="r">преусмерено2003</subfield>
      <subfield code="6">1187797</subfield>
    </datafield>
    <datafield tag="996" ind1=" " ind2="7">
      <subfield code="v">a</subfield>
      <subfield code="w">b</subfield>
      <subfield code="3">RSD 900,00</subfield>
      <subfield code="3">EUR 25,00</subfield>
      <subfield code="8">31ДЕУ07\420030909</subfield>
      <subfield code="r">преусмерено2003</subfield>
      <subfield code="6">1187798</subfield>
    </datafield>
    <datafield tag="996" ind1=" " ind2="7">
      <subfield code="v">a</subfield>
      <subfield code="w">c</subfield>
      <subfield code="3">RSD 900,00</subfield>
      <subfield code="8">32ИТА09\420030922</subfield>
      <subfield code="r">преусмерено2003</subfield>
      <subfield code="6">1187799</subfield>
    </datafield>
    <datafield tag="996" ind1=" " ind2="7">
      <subfield code="v">a</subfield>
      <subfield code="w">c</subfield>
      <subfield code="3">RSD 900,00</subfield>
      <subfield code="8">32СВК01\420030922</subfield>
      <subfield code="r">преусмерено2003</subfield>
      <subfield code="6">1187800</subfield>
    </datafield>
    <datafield tag="996" ind1=" " ind2="7">
      <subfield code="v">a</subfield>
      <subfield code="w">c</subfield>
      <subfield code="3">RSD 900,00</subfield>
      <subfield code="8">32ДЕУ01\420030922</subfield>
      <subfield code="r">преусмерено2003</subfield>
      <subfield code="6">1187801</subfield>
    </datafield>
    <datafield tag="996" ind1=" " ind2="7">
      <subfield code="v">a</subfield>
      <subfield code="w">c</subfield>
      <subfield code="3">RSD 900,00</subfield>
      <subfield code="8">32ИТА01\420030922</subfield>
      <subfield code="r">преусмерено2003</subfield>
      <subfield code="6">1187802</subfield>
    </datafield>
    <datafield tag="996" ind1=" " ind2="7">
      <subfield code="v">a</subfield>
      <subfield code="w">c</subfield>
      <subfield code="3">RSD 900,00</subfield>
      <subfield code="8">32РОМ01\420030922</subfield>
      <subfield code="r">преусмерено2003</subfield>
      <subfield code="6">1187803</subfield>
    </datafield>
    <datafield tag="996" ind1=" " ind2="7">
      <subfield code="v">a</subfield>
      <subfield code="w">c</subfield>
      <subfield code="3">RSD 900,00</subfield>
      <subfield code="8">32УКР01\420030922</subfield>
      <subfield code="r">преусмерено2003</subfield>
      <subfield code="6">1187804</subfield>
    </datafield>
    <datafield tag="996" ind1=" " ind2="7">
      <subfield code="v">a</subfield>
      <subfield code="w">c</subfield>
      <subfield code="3">RSD 900,00</subfield>
      <subfield code="8">32ИТА12\420040820</subfield>
      <subfield code="r">преусмерено2004</subfield>
      <subfield code="6">1187805</subfield>
    </datafield>
    <datafield tag="996" ind1=" " ind2="7">
      <subfield code="v">a</subfield>
      <subfield code="w">c</subfield>
      <subfield code="3">RSD 900,00</subfield>
      <subfield code="8">32ИТА13\420040820</subfield>
      <subfield code="r">преусмерено2004</subfield>
      <subfield code="6">1187806</subfield>
    </datafield>
    <datafield tag="996" ind1=" " ind2="7">
      <subfield code="v">a</subfield>
      <subfield code="w">c</subfield>
      <subfield code="3">RSD 900,00</subfield>
      <subfield code="8">32ПОЛ05\420041022</subfield>
      <subfield code="r">преусмерено2004</subfield>
      <subfield code="6">1187807</subfield>
    </datafield>
    <datafield tag="996" ind1=" " ind2="7">
      <subfield code="v">a</subfield>
      <subfield code="w">b</subfield>
      <subfield code="3">RSD 500,00</subfield>
      <subfield code="3">EUR 20,00</subfield>
      <subfield code="8">31БИХ02\420070322</subfield>
      <subfield code="r">преусмерено2007</subfield>
      <subfield code="6">1187808</subfield>
    </datafield>
    <datafield tag="996" ind1=" " ind2="7">
      <subfield code="v">a</subfield>
      <subfield code="w">c</subfield>
      <subfield code="3">RSD 500,00</subfield>
      <subfield code="8">32ЦЗЕ02\420070422</subfield>
      <subfield code="r">преусмерено2007</subfield>
      <subfield code="6">1187809</subfield>
    </datafield>
    <datafield tag="996" ind1=" " ind2="7">
      <subfield code="v">a</subfield>
      <subfield code="w">c</subfield>
      <subfield code="3">RSD 500,00</subfield>
      <subfield code="8">32РУС03\420070422</subfield>
      <subfield code="r">преусмерено2007</subfield>
      <subfield code="6">1187810</subfield>
    </datafield>
    <datafield tag="996" ind1=" " ind2="7">
      <subfield code="v">a</subfield>
      <subfield code="w">c</subfield>
      <subfield code="3">RSD 500,00</subfield>
      <subfield code="8">32ПОЛ01\420070422</subfield>
      <subfield code="r">преусмерено2007</subfield>
      <subfield code="6">1187811</subfield>
    </datafield>
    <datafield tag="996" ind1=" " ind2="7">
      <subfield code="v">a</subfield>
      <subfield code="w">c</subfield>
      <subfield code="3">RSD 500,00</subfield>
      <subfield code="8">32ФРА03\420070422</subfield>
      <subfield code="r">преусмерено2007</subfield>
      <subfield code="6">1187812</subfield>
    </datafield>
    <datafield tag="996" ind1=" " ind2="7">
      <subfield code="v">a</subfield>
      <subfield code="w">c</subfield>
      <subfield code="3">RSD 500,00</subfield>
      <subfield code="8">32ПОЛ08\420070422</subfield>
      <subfield code="r">преусмерено2007</subfield>
      <subfield code="6">1187813</subfield>
    </datafield>
    <datafield tag="996" ind1=" " ind2="7">
      <subfield code="v">a</subfield>
      <subfield code="w">c</subfield>
      <subfield code="3">RSD 500,00</subfield>
      <subfield code="8">32СВН01\420070622</subfield>
      <subfield code="r">преусмерено2007</subfield>
      <subfield code="6">1187814</subfield>
    </datafield>
    <datafield tag="996" ind1=" " ind2="7">
      <subfield code="v">a</subfield>
      <subfield code="w">b</subfield>
      <subfield code="3">RSD 900,00</subfield>
      <subfield code="3">GBP 15,00</subfield>
      <subfield code="8">31ГБР03\420070905</subfield>
      <subfield code="r">преусмерено2007</subfield>
      <subfield code="6">1187815</subfield>
    </datafield>
    <datafield tag="996" ind1=" " ind2="7">
      <subfield code="v">a</subfield>
      <subfield code="w">c</subfield>
      <subfield code="3">RSD 500,00</subfield>
      <subfield code="8">32РОМ02\420071122</subfield>
      <subfield code="r">преусмерено2007</subfield>
      <subfield code="6">1187816</subfield>
    </datafield>
    <datafield tag="996" ind1=" " ind2="7">
      <subfield code="d">lЗЂ\n379</subfield>
      <subfield code="f">600805396</subfield>
      <subfield code="o">20081128</subfield>
      <subfield code="p">4</subfield>
      <subfield code="6">1187817</subfield>
    </datafield>
    <datafield tag="996" ind1=" " ind2="7">
      <subfield code="q">5</subfield>
      <subfield code="t">20151223</subfield>
      <subfield code="v">c</subfield>
      <subfield code="w">b</subfield>
      <subfield code="3">EUR 20,00</subfield>
      <subfield code="8">31БЛР01\420151223</subfield>
      <subfield code="6">1637678</subfield>
    </datafield>
  </record>
</collection>